2706 5018
343 352 403 419 ΕΤ
424 351 535 421 MAI..
557 352 641 419 LlB.
663 354 695 421 V
719 350 816 419 CAP.
837 356 890 418 to.
1097 355 1161 419 sti

96 548 197 615 tullmu
218 562 414 634 quaerentes
436 547 649 633 uoluptatem.
703 549 807 610 Stoici
831 559 965 611 restant.
1036 547 1065 611 li
1088 552 1160 633 qui-

96 652 148 720 bus
171 677 239 719 uon
264 676 362 718 tinum
390 653 534 739 aliquam
560 668 617 717 utrt
648 652 785 717 alterum
810 672 876 714 rem
902 675 921 715 u
944 651 1060 732 nobis,
1102 656 1160 719 sed

96 772 172 825 utum
197 761 239 824 ud
261 780 297 823 se
318 772 462 823 nostram
488 759 730 845 philosophiam
760 756 1006 821 transtulerunt.
1053 758 1163 846 Atque

96 878 116 928 tt
131 864 246 931 relicui
270 866 360 929 iures
383 886 495 928 eurum
519 888 647 944 rerum,
674 885 754 949 quas
781 876 948 947 ceperunt,
967 866 1063 950 signu
1087 887 1163 929 cou-

129 1055 226 1113 lbslss
239 1054 384 1103 bimos.
419 1057 478 1110 renr)
492 1069 537 1102 oni.
551 1068 639 1102 onnes.
667 1054 701 1108 ut)
716 1056 796 1102 orm?
838 1057 961 1116 ceperunt)
978 1056 1109 1113 cleperent
1121 1062 1164 1106 0r.

96 1142 122 1177 ι.
135 1132 154 1178 u

96 1318 221 1390 idestur)
240 1321 347 1385 Menti..
366 1319 452 1384 nott„
471 1320 503 1373 0.
520 1319 553 1374 0.
575 1320 608 1372 C.
643 1318 772 1374 Correus
792 1318 851 1390 ipse
868 1321 946 1374 Mun.
964 1325 1062 1391 postes
1080 1339 1097 1376 e
1115 1340 1163 1377 co·

96 1410 182 1467 itibus
199 1410 281 1467 Terti
299 1408 434 1481 etSigoni
454 1411 548 1479 (om,
564 1418 697 1482 quettuor
716 1409 792 1479 Gsi).
824 1412 978 1478 Quosdam,
993 1414 1067 1484 quod
1079 1415 1167 1470 ceteri

96 1503 218 1570 uitium,
234 1505 311 1559 Grut.
329 1501 358 1558 in
377 1509 507 1557 contestu
525 1503 664 1568 erutione,
678 1504 756 1558 Mun.
775 1503 805 1557 iu
823 1505 981 1574 posteriore
999 1506 1121 1560 editione
1132 1525 1165 1560 es

96 1595 162 1649 deni
170 1595 325 1660 codicibus,
337 1591 423 1649 Geins
442 1613 475 1648 es
488 1594 872 1665 ErbetSpinrestitueruut.
898 1597 973 1651 Tum
992 1599 1165 1667 proscciuot

96 1684 221 1741 benun·
234 1688 364 1753 sociant,
401 1689 542 1757 quomodo
563 1687 662 1740 cicero
680 1685 806 1740 scribere
824 1686 939 1753 debuit3
977 1706 1069 1759 neque
1089 1690 1165 1744 enim

96 1773 129 1831 tie
143 1780 176 1831 de
195 1778 423 1851 uoluptnriorunr
442 1779 526 1833 luctis
544 1777 687 1848 queritur,
704 1780 754 1832 sed
772 1779 808 1832 de
827 1780 945 1833 decretis
964 1782 1166 1844 etsenteutiisr

96 1872 278 1925 tmetnntnr
295 1870 428 1942 Epicurei
446 1871 501 1925 boc
519 1872 615 1924 colore
633 1887 766 1924 maxumo
785 1871 811 1923 in
832 1872 957 1926 umicitiu
975 1872 1047 1939 (uid.
1066 1873 1089 1938 l,
1105 1873 1166 1938 lib),

96 1964 119 2013 tt
134 1977 192 2017 esur
213 1980 231 2018 s
254 1964 404 2034 uoluptste
430 1968 460 2016 et
485 1961 612 2016 utilitsle
638 1970 730 2015 ortum
755 1964 854 2032 postes
880 1963 1083 2018 consuetudine
1112 1967 1168 2022 celi

96 2046 141 2105 iss
156 2053 288 2109 nutttett·
305 2053 417 2108 sulione
436 2054 571 2109 dicerent.
620 2051 707 2108 Gsiue
726 2055 805 2109 ''bec
817 2074 890 2126 sepe
907 2073 925 2111 s
945 2058 1082 2111 Cicerone
1100 2076 1169 2112 ces·

97 2146 291 2217 respiceres·
312 2143 474 2208 sdliiberi,’'
499 2142 661 2200 Ernestium
681 2146 780 2210 docel,-
816 2165 883 2201 uum
903 2166 939 2201 ne
960 2146 1032 2203 illud
1054 2148 1168 2221 quidem

96 2246 122 2289 ss
134 2236 175 2293 liis
191 2238 274 2292 libris
289 2234 437 2300 didicerut,
456 2244 556 2292 contra
574 2236 729 2307 Epicurum
749 2239 900 2309 disputari,
918 2248 1020 2295 nuturu
1040 2243 1170 2297 homines

96 2324 248 2385 sdboscste
270 2330 412 2400 ugecrdum
430 2329 492 2383 sine
510 2333 603 2398 pretio
621 2329 738 2400 inpelli,
775 2348 831 2385 uon
858 2334 1059 2387 consuetudine
1081 2333 1170 2389 intec-

96 2412 149 2473 Ιιιιι
164 2421 321 2492 uoluptatis
340 2418 480 2475 obliuisci.
534 2420 591 2474 Sed
609 2420 672 2473 lieri
691 2428 798 2491 potest,
835 2429 868 2477 ut
885 2424 984 2477 Cicero
1001 2424 1050 2477 lric
1070 2426 1170 2497 psello

96 2513 278 2585 &leguntius
301 2511 390 2568 uitem
409 2521 438 2567 ct
456 2514 570 2565 decretu
586 2512 793 2581 Epicureorum
810 2513 989 2581 permutnrit.

150 2606 266 2659 uberem
280 2606 351 2673 rem)
369 2601 584 2659 Subsiuutiuour
604 2602 632 2655 in
655 2601 799 2656 codicibus
823 2603 926 2657 excidit
945 2611 1009 2676 post
1027 2607 1171 2677 spllubsru

96 2684 283 2758 lectonam
319 2696 348 2750 id
366 2696 453 2750 Gaius
472 2693 598 2759 eddidit,
618 2690 716 2747 licoisi
734 2692 928 2748 coniecturum
944 2713 1082 2766 sequence
1099 2700 1173 2754 Bre-

96 2778 155 2843 'ine
168 2796 279 2858 purtem
306 2787 372 2842 ssldi
397 2788 526 2841 mulebst
550 2786 599 2854 (ut
620 2800 707 2856 suprs
729 2783 877 2853 pscticuloe
899 2784 1064 2856 dicuntur),
1098 2792 1174 2860 quod

96 2883 143 2935 'ts
161 2888 220 2935 tsm
247 2878 333 2933 lucile
351 2879 480 2933 excidere
500 2881 622 2949 poteret.
665 2876 749 2946 Quod
777 2884 873 2931 sutem
894 2878 1024 2934 Klotsius
1040 2884 1171 2951 (Questt.

96 2958 164 3027 luit
185 2992 212 3043 p.
228 2971 278 3045 uu)
299 2969 428 3025 codicum
445 2969 616 3041 scripturum
634 2967 796 3034 metuetur,
815 2975 846 3022 ut
863 2969 1031 3025 Ciceronem
1047 2972 1172 3042 priunum

96 3068 164 3119 ¹*sss
183 3063 306 3133 ediquem
324 3068 374 3115 orit
393 3061 511 3114 alterum
527 3060 654 3132 posuisse
672 3061 797 3127 stutusi,
817 3065 962 3130 tunionem
978 3063 1174 3119 subiecturum

96 3156 169 3209 usis
193 3161 307 3208 uestros
323 3153 446 3207 cotiones
469 3160 519 3208 sut
535 3153 630 3208 simile
646 3151 773 3222 reliquid,
812 3151 914 3207 deiude
932 3153 1091 3210 cretionem
1112 3174 1176 3211 mu·

96 3252 168 3315 lsse,
184 3247 213 3300 id
231 3246 260 3299 in
281 3245 444 3300 huiusmodi
464 3244 601 3310 erutione,
620 3245 699 3299 cuius
722 3260 754 3297 es
773 3243 872 3314 puucis'
890 3249 919 3298 ot
936 3261 993 3299 uun
1009 3243 1177 3316 interruptis

96 3339 178 3395 estu
205 3334 360 3393 constantis
386 3336 496 3392 relicus
519 3340 614 3392 l'orsnu
639 3334 867 3406 diligentissume
890 3341 1024 3391 seruetur
1049 3339 1118 3406 (oon
1139 3366 1174 3379 -

96 3433 134 3487 ed
148 3458 184 3475 -
203 3430 432 3497 transtulerunt),
451 3447 566 3501 prorsus
587 3425 793 3483 incredibiliter
811 3426 941 3499 lingitur.

152 3540 222 3598 puae
240 3523 386 3590 ceperunt)
405 3523 532 3576 Uerbunr
549 3537 681 3575 maxume
700 3536 848 3574 com-une
865 3520 968 3590 posuit,
985 3522 1070 3594 quud,
1091 3541 1178 3593 quoru

96 3630 163 3673 um
181 3612 323 3670 uominsti
341 3621 452 3679 essent,
479 3631 570 3685 genus
590 3612 721 3683 cupiendi
738 3611 807 3666 sotis
825 3611 1063 3684 intellegeretur,
1078 3622 1111 3671 ut
1128 3635 1179 3672 ne-

96 3725 140 3783 Ιιο
157 3708 354 3776 surripuerunt
372 3723 463 3776 neque
482 3705 621 3761 eiusmodi
637 3705 715 3759 eliud
737 3722 843 3774 ponere
862 3722 932 3775 opus
953 3713 1035 3762 esset.
1088 3710 1179 3763 Fures

96 3808 182 3861 ιιωιιι
199 3817 252 3855 cur
270 3798 327 3853 lroc
344 3798 429 3853 ruodo
448 3814 551 3867 cupere
571 3795 626 3851 dici
643 3802 801 3866 nequeunt,
835 3813 896 3865 que
913 3796 1064 3858 iurentur,
1093 3816 1179 3868 quoin

96 3895 256 3966 serenum
277 3897 450 3961 aucupantes
477 3887 623 3960 cepimus
649 3888 808 3957 crispolis,
848 3886 951 3940 nescio.
1003 3889 1102 3959 ltsque
1119 3889 1181 3944 sine

96 3988 148 4043 rtts
164 4000 267 4041 cuussu
285 3982 465 4039 consentiens
483 3980 611 4035 codicum
629 3978 772 4049 scripture
795 3976 984 4042 sollicitatore
1018 3995 1084 4035 nuru
1105 3983 1181 4051 quod

96 4096 115 4133 s
133 4094 190 4133 uno
211 4076 264 4133 illo
285 4075 392 4129 nullius
411 4071 590 4129 suctorittttis
608 4069 715 4130 codice,
733 4086 750 4122 e
766 4086 822 4139 qno
841 4067 927 4123 editio
945 4070 1039 4140 prims
1051 4074 1182 4141 ductast,

96 4170 208 4225 terbum
226 4168 349 4223 obscure
364 4164 503 4235 seriptum
522 4162 636 4217 uidetur
655 4160 761 4226 luisse,
785 4178 902 4232 prorsus
919 4163 1126 4235 neglegendum
1144 4172 1180 4221 st.

96 4261 217 4321 hctus
234 4266 333 4317 tumen
352 4259 436 4313 Uere.
454 4256 546 4313 Lecti.
564 4254 626 4318 tx,
664 4254 701 4309 19
726 4259 842 4320 nunu,
878 4252 908 4307 in
933 4255 1079 4311 ueteribus
1098 4256 1181 4311 libris

96 4352 215 4422 inmun,
235 4370 271 4410 ue
289 4349 370 4406 uineis
388 4347 577 4418 obsequiosls)
589 4364 621 4403 se
638 4346 796 4418 repperisse
814 4346 979 4416 clepsersst,
999 4348 1073 4419 quod
1084 4348 1181 4405 bulle-
