2706 5018
136 366 237 436 del
262 402 266 407 ·
566 361 824 432 canetulo.

140 584 212 628 ram
236 557 486 639 ostenderet,¹)
532 569 608 639 ant,
653 561 683 623 ai
708 557 794 623 nulli
830 579 966 645 proruo·
993 564 1228 642 consentirent,

137 683 247 734 tamen
270 665 321 731 illi
344 686 413 730 cute
436 662 570 730 familia
604 667 761 752 principia
793 667 915 731 codicia
944 668 1140 751 scripturam
1173 668 1229 733 ha·

138 776 217 841 bere
240 783 451 861 putarentur,
492 790 630 856 quorum
658 773 822 857 scriptura
852 784 910 836 aut
932 771 1069 836 alterius
1093 773 1228 840 seruilia

135 884 306 968 acripturta
334 879 509 966 gignenda.
549 879 757 942 occarionera
794 879 873 944 dare
913 891 971 943 aut
1009 880 1084 964 ipsa
1114 901 1162 944 ex
1189 903 1230 946 ea

136 988 254 1055 tuendo
282 984 581 1072 interpolationem
612 997 685 1048 orta
706 1005 779 1048 ease
798 997 930 1070 porcat,
954 983 1006 1049 illi
1028 998 1152 1065 autem,
1174 989 1229 1072 qui

135 1097 265 1160 tertiam
287 1095 481 1179 scripturam
501 1091 817 1182 longiuncmotara
837 1091 1013 1169 habereut,
1048 1094 1083 1155 iu
1106 1094 1228 1158 instaur

135 1203 356 1287 suspicionem
375 1200 569 1264 recentioria
588 1199 779 1262 mutationis
796 1201 966 1273 uenirent3
985 1198 1105 1262 deinde
1127 1203 1228 1266 etiarn

134 1329 194 1391 per
218 1327 256 1371 ae
283 1308 357 1370 aine
378 1305 438 1369 illa
462 1304 599 1368 alteriue
620 1302 755 1368 t'atnilite
781 1307 1015 1391 conparatione
1037 1306 1229 1392 adparebat,

135 1435 234 1500 quoru
258 1415 292 1478 la
312 1433 379 1477 una
400 1423 620 1498 quareretur,
640 1431 739 1496 quarn
767 1413 964 1496 scripturam
999 1432 1047 1475 ex
1076 1435 1142 1497 qua
1175 1435 1227 1478 or-

133 1535 200 1586 tan
223 1540 297 1584 eoae
316 1517 491 1605 probabile
513 1529 620 1593 eaect3
644 1519 678 1581 in
701 1539 767 1603 qua
787 1519 968 1605 quaetione
991 1520 1091 1583 etiarn
1112 1523 1227 1606 alagu-

132 1626 239 1693 toran
263 1623 472 1692 librariorum
495 1627 614 1712 partita
639 1624 808 1689 moderata
828 1626 947 1712 partim
971 1623 1014 1688 ad
1034 1627 1226 1691 mutandum

132 1731 352 1821 procliuitatic
372 1731 486 1798 habita
509 1734 594 1797 ratio
622 1744 665 1796 at.

222 1840 261 1905 si
283 1838 413 1926 qnando
433 1853 541 1905 tamen
563 1852 639 1926 port
663 1838 748 1903 hanc
774 1835 978 1903 infinitorum
1002 1859 1153 1903 errorum
1172 1861 1223 1904 re-

129 1948 308 2013 motionem
322 1944 459 2011 dubiurn
493 1944 753 2031 relinquebatur,
774 1944 851 2030 quid
874 1946 908 2007 iu
931 1943 1069 2011 alteriue
1084 1968 1130 2011 ex
1148 1948 1228 2012 dua·

133 2051 194 2118 bna
214 2051 352 2117 familiia
375 2054 481 2135 primo
505 2052 618 2116 codice
640 2051 780 2131 tutaret,
829 2071 870 2116 ea
893 2049 1056 2116 dubitatio
1080 2055 1115 2116 in
1140 2055 1225 2118 infe·

130 2160 218 2225 tiore
240 2157 369 2223 lamilia
390 2178 466 2222 raro
488 2155 630 2222 moletto
658 2169 749 2237 erat,
788 2157 875 2243 quod
898 2170 1037 2244 utraque
1058 2161 1225 2246 scriptura

131 2277 245 2350 aperte
267 2264 445 2351 deprauata
467 2276 538 2328 erat
557 2286 604 2329 ex
626 2286 686 2344 ea,
728 2285 827 2350 quam
857 2263 963 2329 altera
983 2264 1111 2329 familia
1135 2278 1226 2329 tene·

132 2370 198 2437 bat.
246 2372 330 2438 Fere
353 2372 442 2436 enlm
463 2371 585 2457 ubique
606 2373 642 2436 in
664 2371 834 2457 utriusque
855 2371 990 2437 familia
1012 2375 1225 2437 contentione

130 2458 250 2545 melior
269 2479 368 2544 etian
391 2480 490 2543 certic
511 2480 717 2565 argumentis
747 2499 793 2542 ex
820 2479 894 2562 ipae
925 2479 1088 2564 ccriptura
1115 2478 1223 2542 ductis

129 2583 368 2664 adiuuabatur,
401 2584 489 2669 quod
510 2606 551 2649 ea
574 2596 632 2650 aut
655 2585 797 2648 orationi
821 2582 949 2648 Latiare
970 2599 1028 2649 aut
1050 2584 1223 2650 Ciceronis

129 2689 359 2756 consuetudini
379 2689 573 2777 diligentiae
591 2703 720 2756 exacta
747 2703 806 2754 eut
833 2693 1006 2756 aentcntioe
1035 2705 1069 2756 et
1090 2695 1140 2756 rei
1168 2713 1224 2755 aa·

130 2796 317 2864 tialaoiebat
346 2809 404 2862 aut
437 2797 578 2884 denique
610 2795 887 2882 intellegebatur,
930 2819 978 2862 ex
1012 2821 1054 2864 ea
1093 2812 1224 2864 caterua

129 2907 208 2971 oriri
235 2905 405 2988 potuine,
450 2925 515 2969 noa
544 2906 649 2991 lpaarn
680 2926 728 2970 ex
759 2905 897 2980 cetaria,
945 2907 979 2968 in
1008 2926 1073 2990 quo
1099 2926 1224 2991 genere

128 3033 286 3078 maxume
332 3011 523 3078 eminebant
563 3033 611 3076 ea
647 3011 821 3078 meliorata
857 3011 1006 3076 codicum
1039 3012 1224 3097 scriptura,

127 3138 200 3205 quta
221 3117 341 3182 leuiter
362 3131 523 3203 corrupta
544 3139 657 3182 ucratu
681 3119 879 3183 aenteutlam
901 3131 935 3181 et
955 3119 1122 3201 antiquam
1144 3139 1221 3181 ora·

128 3226 252 3288 tionem
277 3222 459 3288 inuolucria
478 3220 674 3309 quibusdam
696 3237 816 3288 tectam
846 3223 1078 3302 continebant,
1120 3244 1221 3308 quota

128 3331 162 3393 iu
184 3327 403 3394 deterioribua
423 3331 533 3393 omnia
553 3333 626 3394 ueri
652 3332 795 3416 uestigia
819 3329 1051 3417 interpolando
1090 3329 1224 3395 sublata

128 3445 250 3500 eoaent.
292 3432 381 3501 llaro
403 3437 514 3501 aiaiin
538 3439 649 3518 paruia
679 3435 791 3516 rebus,
807 3435 900 3500 uelut
918 3438 952 3500 in
975 3439 1090 3502 ordine
1103 3437 1223 3502 uerbo-

127 3562 211 3618 rurn,
223 3561 322 3626 quoru
343 3563 447 3627 prope
465 3564 524 3630 par
534 3565 651 3608 cauata
672 3554 772 3620 eaaet,
789 3541 862 3606 oola
875 3545 1053 3608 auctoritas
1069 3543 1219 3608 melioria

126 3645 262 3711 familiae
292 3649 328 3710 in
363 3647 477 3712 multia
513 3647 589 3714 aliia
619 3649 703 3714 locis
740 3661 888 3734 spectata
928 3650 1098 3736 sequenda
1135 3662 1221 3717 erat.

126 3752 243 3840 Neque
269 3769 378 3819 tamen
401 3776 562 3840 nunquam
586 3757 727 3836 accidit,
763 3757 859 3819 utin
886 3756 1060 3820 deterioria
1084 3754 1221 3819 lamiliae

126 3863 233 3947 primo
256 3860 369 3926 codice
391 3874 425 3926 et
445 3863 502 3947 qul
525 3861 601 3926 inde
622 3864 687 3926 orti
708 3875 797 3941 aunt,
819 3873 876 3926 aut
898 3862 1050 3927 omnibus
1071 3875 1128 3927 aut
1151 3862 1220 3948 ple-

148 4119 176 4189 ¹)
195 4117 345 4173 latendum
363 4125 457 4174 tamen
475 4120 506 4174 ia
523 4116 621 4194 perula
639 4116 725 4172 robus
744 4117 842 4174 eadent
870 4121 1021 4176 aberrandi
1048 4122 1217 4192 opportuni·

192 4217 236 4265 tna
257 4211 289 4264 in
306 4210 460 4285 utriusque
477 4212 595 4267 familia
620 4211 731 4284 aliquot
756 4210 905 4267 codicibus
923 4212 999 4267 ldenr
1017 4211 1151 4271 arandum
1169 4229 1216 4282 ge-

189 4303 273 4370 nuit,
290 4302 369 4378 quod
385 4303 418 4361 in
434 4304 533 4363 codiee
549 4304 705 4378 archetypo
725 4320 785 4361 noa
801 4303 917 4371 faiam.
934 4312 968 4361 ut
982 4305 1035 4371 Ν,
1047 4310 1084 4360 87
1099 4306 1215 4362 bausit

191 4415 244 4469 pro
266 4400 321 4455 tter
347 4400 392 4452 rit.
