2706 5018
523 348 760 419 EXCURSUS
786 352 845 417 tlt.
1166 358 1229 422 821

132 564 168 603 ne
188 575 223 587 -
239 544 356 616 quidem,
376 546 407 600 ut
426 548 463 600 nl>
482 563 515 600 eo
534 547 665 616 epodorlr
683 547 814 618 incipint3
834 548 883 601 red
906 547 972 617 quirl
993 548 1041 601 lric
1060 553 1129 618 aget
1145 564 1179 599 uo
1197 574 1230 587 -

130 651 261 720 putum,
300 667 384 704 nomo
402 650 573 722 intellegere
591 653 702 719 potent,
724 653 873 724 multoque
893 653 1003 718 minua,
1023 670 1074 705 eur
1092 669 1128 705 ne
1145 653 1231 705 Lutu-

131 752 224 809 reneia
243 754 356 824 quidem
383 771 484 808 nornen
510 755 552 807 roi
582 755 710 826 recipere
738 754 879 821 noluerit,
916 757 989 826 quod
1009 756 1099 810 Pilius
1116 756 1152 807 tle
1170 753 1231 807 ulio

131 875 167 911 re
190 875 257 911 euru
277 858 445 928 postularet.
492 859 624 913 llebelrat
643 861 750 913 rultem
771 860 829 914 elici
847 861 1025 930 pertulerat,
1042 857 1095 912 etri
1123 877 1167 913 ree
1185 858 1227 912 ni·

130 958 194 1015 lrilo
213 960 317 1015 melior
335 962 426 1016 lieret.
454 962 596 1016 Nimirum
617 964 692 1032 quod
710 968 752 1016 ert
772 963 816 1030 Q„
835 971 952 1036 totoque
972 963 1104 1036 periodue
1122 959 1163 1016 rie
1181 979 1229 1014 co·

131 1067 241 1120 lueretz
278 1066 414 1118 Seruitiur
434 1073 582 1142 postquem
610 1096 643 1110 -
660 1068 739 1120 nolio
757 1069 878 1121 truditur
906 1075 967 1121 erut
987 1096 1021 1109 —
1039 1083 1124 1136 neque
1145 1066 1229 1118 laute-

131 1166 222 1224 remu
242 1195 279 1209 -
296 1171 419 1237 recipere
439 1172 546 1236 uoluit,
579 1171 612 1236 Q.
636 1171 728 1225 Pilius
744 1200 779 1214 -
797 1190 858 1225 eum
872 1173 1038 1241 portuluur't.
1091 1172 1229 1239 Ereptum

131 1272 289 1327 Seruilium
311 1273 471 1328 Lutoreneir
488 1277 602 1329 decreto
622 1292 654 1329 ex
676 1292 733 1328 unu
759 1276 910 1346 questione
932 1276 1022 1331 Piliur
1048 1276 1084 1330 ud
1106 1276 1229 1328 ultorum

131 1374 238 1448 reperit.
266 1378 456 1446 Temporibus
472 1380 625 1434 uerborum
636 1381 783 1451 particule
800 1388 945 1457 portquunr
961 1380 1157 1435 ruhieelornm
1177 1393 1229 1431 uu·

131 1480 240 1537 riautlir
269 1481 370 1534 (letina
398 1488 464 1551 epte
494 1483 659 1554 superioria}
681 1491 773 1539 rtutuo
805 1502 984 1539 communem
1010 1481 1229 1552 descriptionem

132 1587 282 1654 (turbarat
305 1615 339 1625 ·-
355 1587 506 1660 reliquerat
521 1615 557 1627 -
575 1589 698 1642 truditur
715 1590 791 1655 erut)
807 1596 836 1643 et
847 1589 929 1643 uuiur
945 1590 987 1642 rei
1004 1602 1140 1659 proxume
1157 1601 1229 1654 pre·

129 1707 234 1765 gruere
254 1689 429 1744 notationem
448 1689 614 1762 distinguit,
650 1698 679 1747 et
698 1690 727 1745 in
746 1693 803 1746 huc
831 1692 971 1762 legitumo
992 1693 1120 1762 perlecto
1139 1687 1228 1741 utitur

132 1795 293 1865 (purtpuore
320 1813 372 1846 non
392 1823 424 1834 -
443 1796 559 1862 uoluit).

201 1900 238 1952 X.
273 1899 522 1968 ApndUnrronem
543 1900 669 1954 detuli.
689 1906 712 1965 Ι,
730 1899 767 1954 45
785 1917 859 1955 nune
875 1900 985 1954 erliturr
1007 1899 1143 1952 venenum
1158 1896 1228 1951 enim

129 2001 225 2070 gelum
242 2002 383 2055 radicibus
401 2005 509 2057 tenellis
530 2004 579 2057 ruit
598 2010 675 2056 terro
693 2011 720 2056 et
740 2021 826 2072 rupru
845 2005 998 2072 eugunio,
1035 2020 1095 2071 pure
1113 2019 1163 2054 ooo
1181 2018 1227 2054 eo·

132 2107 193 2159 lere
210 2112 331 2174 tempore
349 2123 424 2175 eque
440 2116 578 2174 creseunt,
597 2106 647 2160 ubi
664 2126 715 2161 neo
731 2108 817 2161 lebet
835 2125 912 2162 erre:
931 2107 1003 2160 auelr
1021 2106 1109 2167 nielt,
1128 2120 1228 2175 quam·

132 2226 217 2279 quam
236 2211 272 2264 ad
291 2217 432 2275 eruerunt,
470 2229 525 2265 non
543 2213 580 2266 ad
599 2213 694 2264 endere
714 2219 836 2279 tempore
855 2218 916 2265 tum
935 2208 1068 2279 pertinet.
1102 2209 1158 2262 Sed
1177 2225 1227 2262 ne·

129 2330 185 2385 que
204 2321 318 2368 ueterea
337 2313 491 2380 edilium,
528 2314 556 2368 iu
575 2316 678 2385 quibua
695 2333 784 2387 prauo
804 2314 940 2369 aerilritur
959 2313 1107 2382 uirgulta,
1137 2327 1228 2382 neque

128 2417 329 2481 crescentiae,
356 2420 432 2488 opud
452 2436 535 2488 quem
555 2427 632 2474 recte
650 2421 805 2487 uirgultir,
825 2418 933 2472 lralront
950 2433 1017 2490 que.
1078 2416 1121 2468 Eo
1139 2413 1227 2484 igitur

127 2521 263 2584 mulum,
291 2537 340 2574 aee
357 2523 431 2576 lrnne
448 2521 619 2576 sententiam
641 2524 784 2593 ruperiori
802 2520 940 2591 adiungit.
972 2509 977 2519 ’

198 2625 252 2680 Xl.
290 2625 369 2696 Apud
389 2625 554 2680 Sallustium
573 2626 635 2696 lug.
653 2625 706 2692 57,
726 2625 776 2679 nbi
794 2626 922 2696 legiturr
958 2620 1066 2674 Selloe
1084 2616 1148 2669 illue
1164 2618 1228 2690 qui·

127 2730 212 2790 den,
249 2727 333 2798 pauci
352 2738 380 2784 et
398 2730 506 2784 nulline
523 2727 661 2783 momenti
680 2729 791 2783 eorliceo
815 2727 923 2802 quidem
950 2722 1087 2778 omittunt
1112 2720 1226 2790 uolgari

127 2835 251 2899 murlo,
269 2832 320 2887 ulii
336 2851 386 2887 neo
404 2862 437 2875 -
456 2835 565 2903 quidem
583 2833 702 2894 habent,
721 2850 777 2887 non
797 2833 887 2887 minue
906 2822 1038 2900 uolgurit
1076 2823 1189 2878 cortina
1210 2841 1226 2878 ο

127 2939 243 2995 rluolm
261 2937 364 2991 inunt·
392 2938 495 2992 elidite
532 2937 588 2990 Sed
605 2954 656 2989 neo
673 2936 746 2989 illue.

200 3041 268 3095 ΧΠ.
306 3039 370 3094 Liui
388 3042 417 3094 in
441 3048 498 3096 loto
517 3058 604 3112 opere
615 3059 686 3095 unur
700 3037 862 3094 lnuiurmorli
874 3038 953 3090 iocur
970 3039 1022 3100 ert,
1039 3031 1154 3097 XXXI,
1173 3029 1225 3083 222

126 3164 183 3201 m
200 3147 280 3200 nodo
299 3147 413 3200 Sunium
430 3162 573 3215 ruperure,
592 3146 642 3198 reu
652 3162 703 3197 neo
719 3150 798 3197 extro
812 3145 920 3209 fretum
939 3139 1042 3207 Euripi
1060 3136 1226 3189 committere

127 3256 229 3320 operte
247 3251 321 3302 muri
337 3267 366 3304 re
385 3250 540 3313 uurleluet3
560 3248 606 3318 qui
626 3265 711 3319 quam
725 3248 810 3301 llrlem
825 3250 992 3307 mereretur,
1010 3239 1034 3295 ui
1052 3257 1108 3294 nun
1126 3255 1179 3308 per
1194 3253 1226 3291 re

127 3371 161 3409 ex
181 3371 228 3419 eo,
248 3355 321 3424 quud
338 3372 410 3408 unua
429 3362 482 3417 ert,
493 3355 654 3426 adpareret,
665 3352 848 3407 ortenrloreut
861 3347 979 3412 corticea,
998 3344 1046 3417 qui
1064 3361 1099 3397 oe
1118 3342 1228 3396 hubent

128 3475 180 3529 pro
197 3475 258 3523 nee,
278 3447 309 3513 u't
325 3458 508 3514 rcrihendum
524 3458 575 3515 rite
594 3474 629 3510 ue
649 3461 728 3509 extro
742 3455 850 3520 fretum
859 3452 960 3519 Euripi
975 3449 1084 3525 quidem
1102 3445 1225 3500 commite

127 3568 188 3618 lore
204 3561 252 3617 &e
264 3562 274 3594 ¹

197 3563 289 3730 Puto?
301 3663 371 3721 ratio
388 3681 449 3718 erre
467 3665 660 3730 uenientum,
680 3679 767 3735 quum
784 3679 840 3715 uon
859 3657 1080 3730 praestiterit,
1101 3656 1159 3710 iuur
1178 3651 1225 3707 ci·

127 3822 360 3839 ω

146 3945 169 3997 l)
182 3941 268 3988 Beleni
282 3950 402 3991 errorem,
433 3935 456 3979 in
474 3935 512 3980 lnlr
529 3935 608 3980 uerbi·
624 3933 724 3990 (leoli.
740 3936 764 3986 l,
781 3934 844 3985 lou:
874 3934 935 3977 lloeo
952 3933 1032 3990 ι’ςίιιιι·
1042 3940 1091 3972 nou
1106 3925 1225 3982 euroipiet

183 4018 226 4061 ret
237 4015 348 4072 pulltooe
364 4026 471 4065 ceuceu,
500 4025 546 4055 nee
563 4024 604 4056 ree
620 4011 725 4068 pulltee
745 4023 789 4066 pro
805 4023 833 4055 ee
847 4009 945 4065 eueetpi
958 4007 1040 4058 uolet,
1055 4004 1107 4048 elne
1121 4002 1170 4048 ulla
1183 4000 1227 4045 mi·

180 4104 252 4137 nane
266 4103 353 4136 murae
367 4103 415 4134 neo
439 4101 481 4145 pro
501 4101 533 4132 ne
553 4104 579 4120 -
602 4087 700 4144 putrem
718 4084 865 4142 recipientia,
883 4083 942 4129 ratir
960 4087 997 4128 ert
1010 4080 1049 4126 lrio
1073 4080 1098 4123 in
1117 4077 1225 4133 margine

180 4179 383 4221 eoa-emonam
412 4165 456 4210 (lei
475 4169 594 4222 rtuporenr
610 4174 689 4218 neque
704 4173 746 4217 pro
760 4174 792 4205 ne
806 4182 834 4194 -
848 4162 947 4218 petatem
960 4158 1060 4216 punitum
1075 4153 1179 4212 putantlr
1195 4152 1226 4201 ‹lo

180 4244 235 4290 Fir.
252 4244 271 4300 l,
285 4245 313 4288 22
327 4245 416 4297 (neque
430 4255 487 4286 eum
504 4238 666 4296 Torquatum)
680 4240 705 4281 ot
719 4237 755 4289 lt,
769 4237 796 4280 lo
809 4238 869 4290 (uon
885 4238 983 4281 dieitur
996 4233 1088 4278 loetttr'e
1101 4242 1148 4273 nee
1162 4239 1225 4284 gou-

179 4321 250 4365 rttrm
265 4321 292 4362 ln
314 4319 427 4374 corpore)
449 4320 473 4362 et
488 4317 524 4366 tt.
555 4315 580 4359 tt
596 4313 669 4368 (Num
684 4325 731 4358 neo
747 4313 789 4355 utr
804 4313 882 4357 loeur
896 4313 966 4366 lte),
982 4323 1013 4354 no
1026 4307 1064 4353 lrle
1078 4302 1171 4360 nullom
1185 4302 1225 4350 etl·
1281 4371 1286 4380 Ι

179 4397 316 4454 ungerem,
330 4393 377 4440 utri
391 4394 421 4440 eb
434 4394 487 4441 nltlr
502 4405 555 4439 eun
569 4389 640 4439 lulur
655 4388 692 4435 rel
706 4393 827 4436 emtore·
841 4387 911 4437 eltart
926 4386 1039 4434 uteren.
