2706 5018
143 364 215 430 Xll
571 363 825 434 PRAEFA'l'lO.

143 551 375 636 scripturarum
398 562 604 636 optumarum
629 571 742 616 eorum
764 552 933 631 codicum,
957 573 1039 637 quos
1062 555 1132 634 ipse
1158 573 1238 634 pra·

142 660 372 721 stantissumos
395 679 468 721 esse
486 656 715 735 intellexerat,
758 660 899 742 gratiam
923 661 955 722 ei
979 658 1157 733 facianms3
1182 681 1238 721 ne-

143 785 205 847 que
228 766 315 826 euim
339 762 436 827 aliter
456 761 529 827 sieri
546 778 688 849 poterat,
709 787 807 850 quom
830 762 933 828 semel
954 764 1115 827 eiusmodi
1140 763 1237 827 bomo

142 867 205 932 sibi
231 868 378 933 delectus
409 868 551 934 habendi
574 873 625 934 ius
650 874 854 954 sumpsisset.
904 869 1084 955 (Exempla
1104 893 1150 933 ex
1177 873 1238 932 ini-

141 976 186 1038 tio
207 974 285 1040 libri
307 976 323 1040 l
346 976 414 1040 lroeo
436 988 532 1040 santo
555 997 597 1040 ex
622 976 837 1064 Erlangensi:
886 981 904 1056 ξ
926 979 948 1040 3
970 977 1133 1054 deducat,
1176 978 1197 1038 4
1219 999 1236 1038 e

142 1080 283 1163 Groeco'r,
311 1087 351 1147 lu
373 1093 411 1147 ut
431 1082 549 1163 dicuin,
571 1085 603 1147 id
625 1099 686 1162 est,
708 1086 766 1149 uel
784 1085 891 1148 dicam
914 1085 960 1166 (in
986 1082 1060 1146 loco
1084 1083 1232 1144 uexatis-

40 1228 43 1235 »
138 1195 247 1266 sumo)
270 1202 303 1253 et
318 1211 450 1274 porrum
473 1204 507 1255 et
539 1212 581 1254 rte
612 1192 687 1273 (etsi
717 1191 779 1256 hoc
809 1203 860 1253 est
890 1191 1034 1254 omnium
1058 1188 1233 1269 codicum),

137 1296 179 1356 14
199 1296 393 1375 Aristoteli,
438 1299 480 1361 15
504 1318 583 1381 ego,
631 1295 901 1361 moeniorum
928 1296 1031 1372 dicit,
1079 1297 1181 1377 cetu).
1197 1296 1230 1374 ¹)

137 1398 245 1466 Multo
269 1405 375 1466 minus
395 1402 692 1485 reprehendamus,
716 1404 801 1489 qaod
825 1426 890 1467 non
914 1403 1053 1480 indicat,
1075 1423 1093 1464 e
1112 1398 1232 1485 quibus

138 1507 306 1572 codicibus
319 1507 442 1594 aliquid
458 1522 568 1595 ponat,
592 1531 688 1595 qinom
705 1533 750 1573 ex
765 1512 908 1596 optumis
919 1511 1108 1594 sumpserit,
1132 1521 1168 1570 ut
1181 1509 1232 1586 §4

137 1616 279 1697 (nomini
292 1617 408 1699 porte).
456 1614 508 1679 Ne
527 1615 609 1679 illud
635 1618 764 1701 quidem
785 1616 882 1681 ualde
907 1618 1088 1681 mirandum
1115 1614 1236 1691 iudico,

137 1720 222 1804 quod
248 1722 347 1784 etiam
373 1721 429 1787 ubi
451 1723 492 1786 de
521 1724 684 1806 scriptura
714 1723 879 1809 disputat,
926 1724 1054 1787 codices
1076 1742 1155 1783 suos
1180 1741 1236 1783 ne·

136 1825 255 1912 glegit,
276 1840 312 1890 ut
325 1829 365 1891 ad
380 1827 407 1908 l,
424 1831 446 1893 b
469 1831 650 1906 adnotauit,
671 1842 759 1894 recte
779 1828 947 1894 Bromium
969 1839 1035 1893 tom
1049 1847 1236 1903 remeasse,

137 1934 222 2018 quod
249 1932 430 1998 aDauisio
461 1951 493 1999 et
524 1936 678 1999 Ernestio
710 1938 744 1998 in
774 1945 900 2000 touton
935 1948 1095 2000 mutatum
1130 1946 1236 2007 esset;

137 2042 171 2103 iu
198 2041 267 2103 suis
290 2038 457 2104 codicibus
480 2064 554 2105 esse
584 2049 732 2121 tortium,
780 2055 815 2105 ut
846 2044 879 2106 in
913 2041 1066 2107 omnibus
1089 2044 1235 2104 omnium

135 2146 198 2210 luit
220 2160 253 2211 et
287 2146 445 2211 Danisius
477 2147 517 2210 de
544 2150 613 2211 suis
644 2149 795 2228 dixerat,
842 2171 906 2213 non
935 2149 1092 2212 adtendit.
1158 2146 1234 2212 Non

136 2255 278 2332 irascor,
303 2253 387 2340 quod
412 2256 445 2316 in
470 2253 575 2338 prima
598 2257 764 2318 mentione
788 2256 909 2320 codicis
931 2254 1149 2340 Erlangensis
1174 2254 1233 2333 l,l

135 2372 242 2438 errat,
286 2362 319 2423 in
345 2382 385 2423 eo
416 2358 516 2424 scribi
536 2380 602 2423 uon
624 2370 690 2425 tom
713 2363 751 2425 td
772 2383 908 2426 narrans
927 2384 985 2447 pro
1008 2381 1073 2424 ooo
1096 2362 1134 2424 r'd
1154 2370 1232 2436 tam,

136 2489 242 2553 neque
266 2467 351 2552 quod
377 2468 490 2552 paucis
515 2466 667 2530 uersibus
693 2482 766 2553 post
792 2468 833 2552 (l,
852 2471 888 2551 ²)
911 2467 1042 2546 scribit,
1086 2470 1119 2530 in
1144 2467 1232 2530 ccdi-

135 2572 227 2637 cibus
252 2573 338 2638 baud
361 2575 474 2659 paucis
496 2586 529 2636 et
551 2568 720 2637 netelibus
743 2573 943 2637 editionibus
958 2596 1031 2637 esse
1043 2574 1231 2650 odmo'rrom,

134 2680 219 2766 quod
244 2682 277 2743 in
304 2681 521 2765 paucissumis
546 2693 615 2759 est,
660 2702 766 2766 neque
790 2681 874 2766 quod
899 2679 1020 2744 ibidem
1045 2703 1119 2743 eum
1144 2680 1232 2743 ordi-

134 2809 209 2852 nem
232 2785 408 2851 uerborum
431 2790 464 2851 in
490 2785 601 2850 multis
625 2786 793 2851 codicibns
828 2799 861 2849 et
886 2786 1054 2850 ueteribus
1076 2787 1232 2849 editioni-

133 2893 195 2958 bus
224 2916 298 2959 esse
326 2896 394 2975 ait,
440 2916 511 2981 qnae
540 2897 574 2959 in
597 2892 688 2958 nulla
712 2905 825 2957 uetere
849 2894 992 2957 editione
1015 2905 1045 2955 st
1076 2890 1232 2976 (politiora-

130 3000 212 3086 pdo'o
236 3024 257 3065 o
282 3001 398 3083 nobis).
466 3000 518 3066 Ne
541 3002 703 3067 eiusmodi
726 3001 857 3086 quidem
882 3001 994 3087 grauis
1018 3020 1149 3061 errores
1173 3000 1231 3060 mi·

132 3129 205 3184 ror,
251 3104 359 3191 qualis
390 3107 588 3171 adseuerans
614 3120 646 3171 et
671 3106 754 3171 alios
777 3107 874 3168 etiam
901 3107 1069 3191 corrigens
1102 3105 1135 3167 in
1164 3125 1229 3166 uno

131 3214 242 3277 codice
267 3210 463 3297 Erlangeusi
498 3215 661 3275 conmittit
684 3214 732 3295 (ut
764 3209 920 3296 exempla
956 3233 974 3274 e
1008 3232 1111 3295 parim
1137 3222 1229 3295 parte

130 3316 209 3382 libri
230 3316 364 3381 secundi
390 3319 530 3398 sinnam)
565 3316 616 3394 ll,
640 3319 683 3379 4⁴
706 3318 754 3398 (in
777 3317 922 3399 eudem),
967 3320 1009 3379 49
1033 3317 1229 3399 (lirrrdotur),

129 3427 172 3488 54
197 3426 243 3506 (et
266 3425 300 3486 in
326 3423 367 3485 de
391 3435 424 3485 et
452 3424 484 3485 in
511 3424 666 3502 collide),
698 3426 741 3486 oo
764 3425 941 3509 (negotium
966 3444 1029 3486 noo
1052 3421 1230 3503 iubenum),

128 3532 171 3595 75
194 3529 301 3613 (modo
325 3530 407 3592 dt'sco
432 3535 527 3613 ego),
570 3532 614 3594 78
639 3530 693 3612 (de
716 3536 765 3592 ert
799 3532 922 3593 omisso
954 3530 1048 3591 etde
1072 3527 1227 3610 quatem),

127 3639 170 3699 m
188 3634 241 3717 (de
262 3637 384 3699 omisso
407 3631 533 3715 Siculo,
555 3657 653 3721 quom
676 3635 722 3714 id,
747 3635 832 3720 quod
856 3633 955 3698 habet
977 3633 1058 3713 Erl.,
1079 3655 1124 3696 ex
1149 3633 1226 3697 aliis

127 3742 274 3828 proferat
296 3755 329 3805 et
353 3741 502 3828 probet),
547 3745 592 3807 80
615 3745 664 3827 (ia
687 3740 989 3823 amicissumos),
1036 3741 1078 3803 82
1100 3740 1226 3820 (moltis

127 3848 256 3925 orodis),
273 3851 316 3912 su
337 3847 503 3931 (diffidit),
523 3853 567 3915 95
588 3851 706 3934 (turpe,
731 3853 802 3913 uiri
816 3868 881 3911 oon
902 3867 983 3924 erre,
1006 3844 1061 3909 ubi
1075 3844 1180 3908 Palat.
1205 3848 1222 3907 l

147 4120 175 4187 ¹)
194 4117 338 4172 Arlnotaui
359 4121 544 4193 aliquotiens,
565 4120 757 4175 (locrensium
776 4121 812 4176 dc
830 4121 892 4176 cod.
911 4118 971 4172 Erl.
991 4114 1134 4179 tacuisse,
1171 4115 1220 4168 ubi

192 4218 312 4283 propter
335 4213 419 4266 eliani
445 4231 504 4267 rem
530 4232 630 4268 carossa
655 4214 826 4270 arbnoucndi
852 4218 934 4274 orat3
971 4226 1007 4264 ne
1035 4207 1100 4279 quis
1127 4213 1221 4278 putet.

193 4308 288 4358 cetera
307 4305 382 4378 apud
403 4322 468 4360 cum
492 4305 619 4378 reperiri.
