2706 5018
359 376 419 443 ΕΤ
443 374 883 447 manusuetus.
936 434 939 439 ,
1101 381 1166 441 osu

108 592 153 636 se
174 571 357 650 debebunt,
377 572 580 659 uoluptatem
604 572 836 635 semouendam
862 591 946 648 esse,
970 570 1099 656 quando
1124 572 1164 634 nd

110 679 203 740 aiore
225 679 397 763 quaedam,
421 693 456 742 ut
480 681 544 742 iarn
567 676 749 763 adparehit,
772 681 838 739 nati
864 697 988 739 sumus.
1035 676 1086 741 De
1110 700 1166 741 ua·

108 785 200 847 ritate
224 784 347 848 doloris
378 785 491 848 eadem
522 785 591 847 lere
623 784 687 846 diei
717 781 845 859 solent,
890 803 973 866 quae
1002 782 1053 844 de·
1072 784 1168 847 uoln-

108 900 180 953 tate.
223 892 276 953 22.
299 889 370 955 Neo
394 913 474 956 uero
495 890 562 954 alia
581 902 657 953 sunt
680 888 866 974 quaerenda
889 900 1002 950 contra
1024 887 1167 954 Carnea-

137 1084 232 1139 qnando)
246 1085 394 1142 quantumin
428 1084 473 1128 diei
487 1084 572 1137 solent)
586 1096 606 1128 s.
621 1084 644 1126 d.
660 1082 699 1125 LG
733 1094 784 1138 que
798 1081 827 1125 de
842 1082 939 1137 nolant.)
953 1095 1007 1137 quoe
1022 1088 1109 1125 eontra
1124 1094 1167 1125 uo-

108 1166 200 1214 aarum
219 1162 288 1206 dieta
307 1167 367 1206 ruat
384 1160 475 1205 cl’ost
494 1159 542 1203 hee
562 1160 636 1203 uerba
654 1171 732 1202 omnes
754 1157 854 1201 addunt:
884 1159 1004 1211 Quantam
1018 1160 1124 1214 (quando
1139 1157 1170 1211 L)

108 1236 164 1291 [lter
177 1244 201 1281 et
214 1240 245 1282 de
259 1239 389 1294 uoluptate
405 1250 460 1281 eura
478 1238 601 1293 d'orquato
617 1236 670 1288 (ons.
686 1247 741 1277 eum
759 1234 828 1287 Torq.
844 1233 873 1287 Ρ)
888 1240 912 1276 et
927 1236 958 1278 de
972 1233 1114 1285 honestate,
1142 1235 1170 1278 ia

108 1324 137 1355 ss
148 1327 193 1358 ssa
207 1327 277 1358 omne
293 1314 381 1356 donum
394 1319 546 1369 poneretur,
562 1325 617 1355 eum
634 1314 725 1355 Cutem
741 1316 778 1353 est
794 1312 966 1365 disputatum,
979 1312 1101 1366 primum,
1115 1324 1169 1369 quoe

108 1396 172 1433 astro
184 1391 334 1446 uoluptatem
348 1392 417 1433 dieta
431 1396 498 1443 runt,
514 1391 600 1434 eadem
611 1388 670 1440 sere
686 1387 780 1429 eadunt
795 1392 883 1430 eontra
898 1387 1052 1431 vacuitatem
1066 1389 1168 1434 dolors'o.

108 1460 188 1510 mma
201 1464 278 1509 unels.
331 1465 368 1509 2²·
383 1465 548 1519 Carneadism)
562 1465 730 1509 Carneadeam
744 1461 808 1507 PCR
917 1472 922 1477 '

158 1633 260 1699 quando
280 1632 319 1684 ad
336 1631 455 1697 maiora)
474 1629 567 1685 Etiam
583 1630 624 1695 Εξ
642 1631 776 1705 quoniam.
804 1628 942 1698 suspicati
961 1635 1027 1683 sunt
1044 1628 1173 1681 homiues

108 1718 397 1791 documentorum
418 1724 527 1792 praelat.
545 1724 605 1776 cod.
624 1723 685 1776 urs.
700 1741 726 1793 p.
745 1722 869 1785 exitui,
891 1721 1017 1774 Orellius
1036 1721 1070 1773 ad
1093 1723 1174 1773 Brut.

108 1810 170 1876 llll
188 1816 228 1868 ed.
247 1814 326 1879 mim,
344 1816 380 1869 ad
399 1816 516 1869 Tuscul.
536 1816 573 1866 lv
593 1816 606 1881 ξ
624 1814 692 1881 dl),
709 1814 830 1867 fortasse
850 1813 907 1866 illis
926 1813 1011 1876 loeis,
1031 1812 1080 1866 nbi
1098 1812 1174 1881 apud

108 1901 247 1961 ciceronem
259 1910 374 1978 legatur
394 1908 502 1981 quondo
521 1906 548 1959 in
569 1922 667 1960 caussa
686 1905 881 1976 significanda,
899 1906 973 1958 hano
985 1922 1084 1959 uocem
1094 1908 1174 1980 (qius

109 2000 239 2067 conpendio
257 2001 335 2053 noeis
354 2000 481 2073 quoniam
495 1996 573 2073 (qud)
592 2005 683 2050 ortam
704 2014 782 2061 erse,
817 2000 890 2068 quod
909 1996 1018 2067 aliquot
1036 1999 1105 2052 loris
1130 2001 1175 2054 fa·

110 2091 240 2144 danesse
257 2099 375 2145 constat.
411 2090 564 2143 liubitamr
585 2088 670 2154 enim,
690 2107 756 2143 num
777 2090 874 2143 Cicero
893 2091 989 2160 paucis
1007 2090 1176 2160 quibusdam

110 2174 214 2252 boispro
223 2182 419 2254 eapsrtieula,
434 2181 555 2251 quaipse
566 2183 606 2235 nti
614 2184 715 2246 soleat,
737 2183 857 2236 alteram
867 2184 1068 2237 nulloomnino
1077 2184 1177 2238 discri-

110 2268 169 2324 mine
181 2273 364 2329 substituerit.
391 2275 521 2328 Nondum
537 2281 629 2327 tamen
647 2275 714 2327 satis
731 2275 835 2344 ubique
849 2274 1029 2344 antiquorum
1048 2277 1176 2329 codicum

111 2369 167 2416 sote
181 2372 205 2421 et
219 2367 375 2438 conpendia
384 2367 560 2419 considerata
569 2367 649 2426 sunt;
669 2373 698 2418 et
708 2372 809 2435 prater
818 2372 967 2436 poetarum
978 2366 1177 2421 auctoritatem

112 2452 242 2513 ttSsllusti
259 2461 347 2530 alque
356 2458 420 2511 Lini
436 2458 545 2510 codices
560 2457 633 2523 (uid.
643 2458 732 2512 Kritz.
751 2461 787 2512 ad
797 2460 867 2513 Sall.
878 2462 939 2529 lug.
953 2458 1016 2522 llo,
1034 2460 1177 2514 [truteno.

112 2543 140 2593 td
148 2545 199 2602 uu.
207 2551 351 2613 xxxin,
359 2550 386 2614 2,
394 2551 422 2611 u,
441 2551 499 2613 XL,
517 2551 544 2614 u,
562 2550 593 2617 d)
604 2552 709 2614 obstat,
728 2553 801 2622 quod
812 2569 866 2604 non
877 2552 916 2604 ita
926 2568 991 2604 raro
1001 2552 1075 2619 apud
1087 2552 1179 2620 ipsum

113 2630 255 2696 ciceronem
275 2643 382 2711 legitur
397 2643 505 2710 qrsando
525 2643 650 2714 quidem,
676 2650 734 2695 tum
749 2643 822 2713 quod
841 2642 961 2710 Augusti
978 2644 1079 2696 saltem
1098 2650 1180 2695 etate

112 2725 181 2784 tlisrn
190 2733 215 2788 in
226 2735 446 2805 prosaoratione
456 2734 496 2785 sio
504 2733 557 2784 diei
566 2732 699 2800 potuisse,
717 2733 800 2786 fldem
811 2730 957 2802 insitionis
975 2734 1049 2787 alter
1067 2742 1180 2787 renota·

112 2816 398 2885 pharanitanorum
420 2825 765 2893 (otelilnsrrtpumntt
786 2844 811 2897 p.
833 2825 906 2892 lut).
931 2824 1181 2895 ltaqueeodicilrus

112 2913 197 2972 sutton
214 2916 390 2974 auctoritatis
409 2919 560 2970 obsecutus
579 2935 633 2970 non
653 2935 732 2983 snm,
771 2920 823 2973 eir.
842 2919 886 2972 67.
936 2915 967 2971 si
987 2934 1121 2988 umquam
1140 2919 1181 2972 ita

111 3011 200 3072 fando
218 3013 317 3065 Cicero
335 3012 446 3081 posuit,
485 3010 531 3063 hio
553 3010 612 3063 eius
630 3009 752 3080 ponendi
773 3027 872 3064 caussa
893 3012 955 3062 erat
972 3016 1036 3080 post
1054 3010 1181 3085 quoniam

112 3086 133 3147 lt
148 3098 219 3158 initio
238 3103 357 3175 periodi.

167 3213 220 3263 aare
241 3199 275 3249 da
293 3198 448 3265 uoluptate)
477 3197 543 3249 Post
561 3194 620 3245 irae
638 3194 728 3246 nerba
748 3200 828 3248 uetus
847 3192 1072 3248 additamentum
1090 3205 1182 3250 anstu-

112 3273 188 3352 lltuus,
206 3297 334 3344 notatum
357 3298 419 3359 post
437 3287 546 3342 Nisseni
567 3286 772 3339 dubitationem
793 3304 810 3340 a
829 3287 899 3339 Gaio
920 3294 948 3339 et
966 3289 1076 3345 ceteris.
1113 3291 1183 3344 Per-

113 3383 178 3432 ltrse
195 3383 324 3435 Pisonem
343 3379 437 3434 induri
456 3386 714 3433 conmemorantenr
730 3395 777 3432 eas
788 3379 1002 3450 disputationes,
1019 3399 1078 3450 qna
1093 3384 1183 3435 multo

113 3472 164 3530 ital
179 3474 280 3527 habire
304 3490 321 3527 a
345 3472 481 3527 Cicerone
501 3472 677 3541 fingerentur
695 3488 779 3540 quarn
806 3473 865 3524 ltaec
886 3487 902 3525 s
923 3473 1024 3525 Pisone
1048 3474 1122 3526 dicta
1142 3491 1185 3527 es·

113 3569 176 3629 stat,
191 3563 393 3620 animaduertit
411 3565 468 3617 iam
489 3566 619 3617 llluretus
638 3566 719 3628 (Uar.
738 3564 828 3617 Leett.
846 3565 933 3628 xlv,
954 3565 1018 3633 20),
1037 3568 1086 3620 sed
1106 3567 1185 3621 Cice·

112 3660 194 3712 ¹0¹trn
211 3657 334 3713 oblitum
352 3659 489 3728 putabat,
508 3655 654 3723 Pisonem,
671 3673 727 3708 non
744 3674 775 3708 se
790 3657 878 3728 loqui.
916 3659 1021 3712 Uerum
1050 3659 1104 3712 lroe
1121 3659 1185 3712 ideo

112 3752 209 3807 littam
227 3750 305 3805 credi
325 3767 377 3802 non
399 3749 511 3818 potest,
547 3748 620 3815 quod
647 3747 709 3815 ipsa
733 3749 872 3818 Torquati
891 3757 919 3802 et
938 3748 1052 3803 Catonis
1072 3767 1187 3803 conme-

113 3843 218 3898 ¹srstio
237 3843 416 3905 ostenderet,
453 3840 618 3893 ciceronem
646 3840 744 3892 forme
767 3856 785 3893 a
808 3858 839 3893 se
867 3840 1000 3893 instituta
1019 3841 1188 3895 memoriam

112 3926 227 3992 tudae.
256 3935 313 3989 Sed
332 3941 362 3986 ut
381 3930 457 3986 credi
478 3940 582 4002 posset,
604 3938 742 3984 restarent
758 3932 816 3984 alia
835 3932 922 3994 uitia;
942 3930 1065 3999 primunr
1083 3931 1189 3987 inanis·

111 4032 181 4083 'oms
196 4038 224 4085 et
242 4026 483 4084 manifestissums
500 4021 661 4093 tautologia
672 4023 719 4089 (de
731 4024 872 4074 uaorrr'tate
890 4023 995 4075 doloris
1016 4026 1110 4077 eadem
1133 4025 1186 4079 dre.

113 4118 152 4168 tls
167 4138 224 4189 qum
242 4126 341 4173 eontra
358 4119 528 4186 uoluptatem
548 4116 622 4168 diota
642 4122 722 4176 sunt,
744 4116 843 4175 eadem
857 4113 933 4184 dra),
960 4116 1059 4169 deinde
1078 4115 1188 4169 Stoico-

112 4212 166 4265 'lm
184 4213 290 4267 montio
309 4213 345 4265 ab
366 4212 421 4265 lroe
441 4212 503 4264 loeo
522 4224 637 4280 prorsas
655 4208 770 4273 aliens,
807 4207 940 4278 quoniam
969 4209 1017 4263 hio
1040 4221 1189 4260 samonen-
1299 4246 1308 4263 ,

112 4294 153 4351 ¹⁸*
166 4303 308 4361 sententia
324 4302 481 4361 honestatis
500 4306 643 4370 asportes,
662 4298 792 4370 Epicuri,
810 4299 998 4373 Hieronymi,
1025 4296 1189 4358 carnmdir,
