2706 5018
149 365 191 427 42
501 354 562 421 ut:
583 352 762 423 stultius
785 353 889 423 Bou.

149 556 252 618 oleru:
297 550 463 616 declinare
493 552 579 615 dixit
611 562 756 614 atomum
787 550 1016 638 pei-paullum,
1060 573 1122 638 quo
1156 522 1273 616 nihil

148 674 261 749 posset
284 659 357 724 lieri
379 661 503 733 nriuus;
547 660 593 721 ita
617 655 711 722 ecfici
734 658 985 745 complexiones
1007 670 1040 720 et
1060 656 1272 744 copulatio!

148 873 221 926 Nasu
240 870 362 941 primunr
382 870 475 941 itaque
493 885 544 921 nec
562 867 636 920 nolet
655 867 722 938 poni
741 867 769 919 in
797 867 942 933 oratione,
982 886 1042 937 qua
1060 883 1078 923 a
1096 866 1251 940 preposite

147 973 175 1018 et
195 964 302 1034 periodi
322 964 417 1016 torma
433 963 531 1031 paullo
550 958 668 1013 liberius
687 967 809 1031 euagata
828 969 862 1026 st,
882 962 1055 1023 reuocanda,
1074 962 1121 1014 sed
1142 961 1232 1030 igitur,

146 1076 197 1111 nec
217 1057 424 1128 significatione
443 1064 471 1110 et
489 1051 708 1124 compositione,
731 1070 785 1121 qua
804 1053 993 1125 coniungendi
1011 1053 1069 1107 uim
1087 1054 1183 1119 habet,
1200 1054 1232 1107 ad

146 1169 210 1203 eum
231 1167 311 1202 usum
330 1158 427 1219 aptuur
449 1155 491 1213 st3
511 1147 639 1215 exemplo
659 1152 776 1198 utuntur
797 1163 852 1198 uno
872 1145 992 1201 Liuiano
1016 1165 1048 1200 cr
1066 1147 1103 1208 ll,
1124 1144 1159 1199 12
1177 1146 1233 1216 ipso

145 1250 262 1314 propter
281 1242 355 1294 ltatte
373 1238 553 1295 insolentiam
572 1238 679 1305 tutto,
706 1239 808 1291 deinde
826 1240 908 1292 nulla
927 1239 1042 1294 omnino
1063 1239 1110 1293 hie
1130 1246 1172 1294 est
1189 1256 1236 1309 pe-

144 1336 217 1389 riodi
235 1333 301 1388 talis
318 1333 448 1399 inllerio,
498 1342 528 1387 ut
551 1333 580 1386 iu
607 1332 684 1384 itiam
710 1333 871 1386 reuocanda
898 1333 1002 1397 luerit;
1039 1333 1147 1403 protasi
1172 1332 1238 1387 satis

144 1427 226 1481 loreui
245 1445 296 1496 per
323 1444 404 1497 quom
430 1426 546 1478 inducta
572 1424 713 1477 subicitur
740 1423 838 1476 ordino
866 1426 1013 1494 spodosis,
1052 1444 1088 1479 ne
1111 1425 1238 1480 minuma

143 1521 257 1591 quidem
275 1517 417 1572 sententia
444 1517 619 1589 interposita,
652 1524 752 1586 ltaque
770 1517 818 1569 hie
836 1535 871 1571 ne
896 1518 985 1586 igitur
1009 1518 1124 1587 quidem
1142 1520 1238 1573 locutu

143 1613 309 1667 habiturum
328 1618 399 1676 erat,
419 1628 471 1664 nee
489 1610 584 1665 simile
603 1611 695 1662 ullum
710 1611 901 1664 anacoluthon
919 1611 1089 1682 reperietur,
1110 1611 1237 1673 stainos

144 1705 336 1760 anacoluthon
356 1705 410 1756 lroc
429 1709 486 1763 est,
505 1704 552 1755 sed
573 1704 665 1755 tracta
685 1702 820 1756 orationis
839 1721 894 1756 non
916 1703 1081 1757 cohaerentis
1099 1706 1237 1757 membra.

142 1800 224 1871 Apud
243 1798 376 1851 Ottouem
397 1794 528 1868 quidem,
549 1795 598 1865 qui
617 1813 765 1849 excursum
784 1798 820 1849 do
838 1796 1017 1855 anacoluthis
1036 1796 1184 1850 Ciceronis
1201 1798 1236 1850 ad

142 1894 218 1947 hunc
236 1892 329 1961 ipsum
347 1892 441 1943 locum
459 1887 585 1958 scripsit,
615 1887 654 1942 sic
673 1888 747 1942 inter
766 1897 860 1942 cetera
878 1891 933 1942 lton
952 1888 1181 1951 intermiscetur,
1207 1896 1236 1943 at

141 2004 230 2040 unum
252 1985 287 2036 de
305 1983 403 2036 multis
424 1999 484 2034 csse
502 1980 648 2046 uideatur;
675 1988 761 2052 nogat
779 1980 853 2034 enirn
875 1982 910 2034 ad
932 1988 1010 2033 certa
1027 1998 1136 2051 genera
1154 1999 1235 2052 posse

141 2076 260 2137 reterri,
284 2082 312 2127 ct
329 2075 425 2127 omnia
443 2074 643 2126 dissimilluma
660 2092 716 2127 uno
738 2075 836 2129 ordine
856 2080 1013 2131 enumerat.
1047 2075 1110 2128 Non
1130 2074 1233 2128 iciunis

140 2168 228 2241 igitur
241 2175 404 2236 suspectum
423 2166 518 2237 itaque
536 2165 592 2219 luit
608 2167 749 2232 Munatio,
770 2167 887 2233 Ursino,
923 2166 970 2236 qui
998 2168 1034 2221 ad
1059 2168 1122 2221 cod.
1150 2165 1232 2220 illam

140 2280 222 2317 suum
242 2258 381 2328 confugit,
402 2257 549 2321 Ernesti03
589 2260 641 2312 etsi
659 2262 780 2314 addendi
800 2279 858 2330 qua
885 2260 1009 2330 potuerit
1035 2275 1137 2313 caussa
1163 2277 1231 2325 esse,

140 2374 195 2409 non
214 2354 349 2422 adparet3
369 2359 397 2404 et
416 2350 536 2405 luctasse
555 2351 632 2405 aliud
653 2355 723 2407 latet
742 2355 885 2418 mendum,
907 2360 937 2406 ut
956 2353 1092 2407 exciderit
1109 2354 1230 2406 uerbum

139 2447 266 2517 aliquod,
284 2443 364 2498 cuius
382 2443 541 2496 subiectum
561 2451 633 2497 osset
650 2446 728 2497 domo
747 2452 854 2499 ocutus.

210 2539 348 2592 declinare
367 2542 485 2588 atomum
503 2537 693 2604 perpaullum)
733 2539 776 2590 lle
802 2539 865 2592 Fut.
889 2536 938 2589 22:
976 2535 1100 2588 declinat
1124 2543 1232 2590 atessas

138 2630 287 2685 interuallo
306 2629 440 2690 minemo,
461 2629 489 2680 id
508 2630 634 2695 appellat
651 2626 808 2696 ἕλᾶχιστονς
844 2648 925 2703 quam
945 2628 1154 2681 declinationem
1173 2631 1232 2682 siaa

137 2722 323 2790 saussafieri,
343 2723 369 2773 εἰ
379 2723 467 2774 mium
479 2722 580 2787 cerdis,
599 2740 630 2776 re
649 2726 760 2792 cogitur
772 2725 908 2790 confiteri.
930 2722 1000 2775 nto.
1018 2721 1032 2788 §
1049 2722 1093 2777 ta.
1110 2722 1230 2788 (Paullo

136 2826 217 2890 post,
247 2816 296 2870 ubi
313 2816 464 2869 scribitur:
501 2814 632 2887 Sequitur
650 2817 738 2878 enim,
759 2822 807 2883 ut,
830 2817 855 2867 si
874 2816 933 2868 alia
951 2814 986 2866 ad
1003 2815 1063 2867 alia
1081 2833 1231 2888 nunquan

136 2913 303 2981 depellatur,
322 2927 356 2962 ne
373 2910 518 2979 contingat
537 2910 646 2982 quidem
664 2910 724 2962 alia
743 2910 837 2975 aliam,
855 2909 954 2962 Cicero
971 2907 1099 2961 scribere
1118 2909 1231 2962 debuit:

136 3012 167 3057 ut
188 3007 246 3057 alia
264 3002 375 3056 adalia
393 3021 541 3075 numquam
559 3003 734 3071 depellatur,
764 3021 788 3055 su
809 3020 843 3054 ne
860 3002 913 3055 dre.
951 3004 1023 3056 Nam
1052 3000 1093 3054 ita
1112 3003 1231 3055 concla-

50 3106 54 3112 '
135 3097 223 3160 ditur,
243 3114 328 3165 quom
349 3096 438 3148 atomi
458 3096 542 3148 rectis
560 3095 643 3149 line-is
659 3096 789 3147 deorsum
808 3096 947 3158 terantur,
966 3093 1054 3147 aliam
1073 3092 1228 3147 aliamuou

134 3189 295 3257 adtingerc3
328 3186 423 3255 itaquo
441 3205 476 3239 no
496 3189 642 3254 depellere
667 3188 797 3256 quidem3
839 3186 935 3258 itaque
961 3204 1016 3239 nun
1038 3188 1141 3256 pulsa,
1179 3188 1229 3240 sed

132 3280 193 3333 sine
211 3294 310 3330 caussa
328 3275 392 3329 lieri
412 3279 641 3332 declinationem.
673 3282 708 3332 tu
727 3297 787 3348 quae
805 3297 859 3332 nun
879 3279 1034 3347 coutinqit,
1061 3295 1115 3332 non
1135 3287 1230 3349 potest

133 3372 295 3441 depellere3
314 3387 374 3440 qua
393 3389 447 3423 non
468 3371 596 3440 depellit,
615 3377 705 3440 potest
722 3377 817 3424 tamen
836 3388 904 3426 saue
922 3372 1099 3441 contingere.
1133 3372 1177 3434 Si,
1196 3378 1230 3426 ut

133 3466 235 3525 editur,
255 3463 354 3516 Cicero
372 3461 484 3534 scripsit
503 3468 546 3531 (et
564 3463 692 3533 proiecto
712 3463 752 3515 sie
770 3462 926 3533 scripsisse,
945 3464 1068 3518 ostendit
1089 3462 1228 3518 orationis

132 3559 227 3612 torma
246 3562 283 3608 ct·
291 3556 437 3610 conclusio
456 3557 592 3627 negutiua
610 3557 638 3610 in
656 3575 689 3609 ne
707 3584 742 3594 -
762 3558 870 3628 quidem
887 3556 998 3617 eriensr
1033 3557 1091 3610 uid.
1111 3572 1171 3610 eae.
1190 3559 1227 3610 ad

130 3658 167 3716 11,
184 3650 244 3717 25),
264 3648 362 3702 incidit
379 3650 408 3704 iu
423 3648 629 3704 conclusionem
650 3668 726 3719 pene
742 3666 819 3718 uque
838 3648 951 3702 iuanem
969 3650 1121 3719 atquelsoc
1140 3666 1229 3721 opero

78 3730 85 3741 ¹
130 3749 167 3808 ll,
185 3743 244 3811 35).
281 3742 415 3796 l’lurilsus
434 3760 494 3795 rem
513 3743 693 3814 persequitur
714 3738 860 3794 Ltrcretius
881 3742 923 3802 ll,
950 3739 1003 3794 tta
1020 3761 1078 3815 sqq.
1114 3747 1227 3815 dioptr-

129 3833 219 3889 utrm
237 3837 384 3906 appellant
398 3835 524 3888 Stulseus
543 3837 604 3890 Eel.
624 3837 710 3906 Phys.
733 3855 759 3904 p.
777 3834 831 3890 utu
848 3836 936 3889 lleer.
947 3871 957 3896 ,
992 3836 1068 3892 Plut.
1093 3836 1129 3888 de
1147 3838 1222 3906 plac

131 3926 233 3997 philos.
253 3929 275 3989 l,
295 3927 330 3980 12
349 3949 375 3999 p.
394 3926 447 3981 883
465 3930 498 3983 Δ.

201 4038 254 4090 quo
271 4021 341 4072 ntltt
355 4029 450 4089 posset
464 4023 534 4088 ficri
550 4021 652 4086 minus)
689 4018 864 4091 [inprimitur
885 4017 918 4075 ad
934 4016 1079 4086 ἐλάχιστον.
1115 4020 1223 4072 liuere-

128 4112 185 4166 tias
204 4129 230 4165 u.
249 4110 318 4165 2192
352 4115 496 4181 paullum,
534 4114 669 4174 Tantum,
708 4113 782 4181 quod
801 4112 948 4164 minumum
967 4118 1102 4164 mutatum
1127 4112 1222 4165 dicere

124 4205 234 4275 porciu
251 4222 280 4259 a.
300 4203 369 4258 stt:
404 4226 453 4262 nec
469 4208 535 4276 plus
553 4224 633 4279 quum
651 4206 807 4258 minumum.
842 4206 905 4258 lt'ou
922 4206 1094 4259 adtendebat
1112 4204 1221 4258 Baitios

127 4299 177 4365 (ad
197 4301 377 4355 cleomedem
398 4321 424 4371 p.
444 4301 519 4368 tlt),
541 4317 625 4370 quotu
647 4301 706 4352 hec
725 4315 743 4352 a
762 4296 897 4353 Cicerone
922 4303 1045 4370 negante
1060 4295 1117 4355 diei
1135 4304 1219 4369 puta·
