2730 5016
547 368 802 440 raAEtA'tto.
917 422 928 445 .
1105 373 1223 443 xntlt

144 569 255 654 ήηιιι,
281 584 364 631 nera
386 566 554 651 acriptnra
574 577 774 644 cerneretur,
798 585 897 653 qnorn
921 565 1069 632 melioria
1089 573 1223 655 generi·
1305 631 1306 635 ,

141 676 248 758 primm
270 670 433 737 librarina
456 669 663 752 aberrasset,
693 672 751 748 aed
772 671 843 738 lere
860 685 918 738 ant
943 672 1064 740 leuiter
1085 689 1142 740 aut
1164 678 1223 758 ite,
1274 669 1276 671 ¹

138 790 166 842 rt
180 781 301 843 errotir
322 778 505 844 manifesta
523 798 640 843 canna
668 776 906 846 dubitationem
930 779 1080 861 tolleret,
1129 782 1223 847 nolnt

136 887 165 949 in
188 884 304 952 nerbia
337 898 477 972 propter
507 883 650 950 rirailern
675 905 791 952 nocent
823 885 875 951 bia
906 887 1047 974 potitam
1079 891 1222 954 orniaria.

136 992 189 1058 bed
206 995 241 1056 in
265 991 481 1079 exquirendo
501 990 638 1057 familia
661 989 810 1056 melioria
833 995 1023 1059 testimonio
1046 994 1221 1061 rooleetnrn

135 1097 185 1162 init
203 1099 398 1175 interdum,
430 1097 516 1185 qnod
538 1118 640 1162 nnnrn
664 1096 849 1178 bobobern,
889 1100 946 1186 qni
969 1099 1090 1188 ubique
1113 1114 1222 1166 certna

134 1219 243 1292 prato
268 1217 383 1286 earet,
428 1205 572 1276 codicem
594 1204 854 1291 Erlangenrern,
892 1226 938 1272 ex
962 1228 1027 1294 qno
1049 1228 1135 1273 nune
1155 1211 1223 1294 pri·

134 1332 211 1376 arnt
233 1311 402 1399 pleroma
435 1333 656 1397 maxumeque
678 1312 828 1399 ineignet
848 1315 1018 1399 aeriptnra
1040 1312 1224 1400 prodibant.

134 1416 242 1507 itaqne
265 1417 461 1499 elaboraoi,
492 1431 530 1482 nt
547 1439 621 1483 cnrn
641 1418 715 1482 eine
735 1421 930 1484 anctoritate
953 1421 1110 1508 quidquid
1134 1433 1223 1485 eraat

134 1527 162 1588 in
190 1524 272 1590 aliia
305 1524 404 1590 bonia
435 1527 594 1590 mixtione
626 1524 794 1590 codicibne
823 1527 1015 1604 adiumenti,
1041 1529 1222 1613 coniunge·

133 1652 212 1712 ren,
241 1629 386 1696 obaoure
404 1652 492 1716 arepe
524 1634 666 1718 nettigia
700 1653 916 1721 perreqoenr;
939 1634 1076 1714 deinde,
1125 1654 1224 1719 qnorn

134 1736 270 1802 infinitis
289 1736 376 1803 locia
398 1738 601 1804 declaratura
622 1751 729 1817 erret,
751 1751 786 1802 et
809 1751 930 1826 quanta
950 1752 1039 1804 ercet
1062 1738 1224 1805 bonorum

136 1844 279 1910 codicorn
304 1845 523 1931 conspiratio,
567 1844 655 1932 qood
677 1843 737 1909 ille
760 1844 912 1924 licentia,
945 1866 1017 1932 qnae
1040 1846 1224 1910 diaaenentn

139 1951 257 2038 gignit,
289 1950 353 2014 bor
375 1971 442 2017 non
463 1951 655 2038 adtigirret,
700 1964 733 2016 at
752 1971 849 2038 qnam
872 1971 937 2015 non
963 1951 1086 2017 codicis
1108 1950 1227 2017 Erlen·

135 2057 246 2144 perio
270 2058 414 2143 scriptor
434 2076 528 2122 eoam
549 2071 673 2124 aeotarn
696 2056 815 2123 nolent
834 2071 869 2122 at
891 2059 1035 2145 prodant
1059 2056 1225 2145 relinque·

133 2179 200 2245 ret,
250 2162 339 2228 lrnae
362 2185 463 2228 unum
484 2186 543 2252 pro
566 2163 694 2229 familia
713 2166 825 2249 accepi
854 2178 984 2246 testem,
1009 2165 1114 2251 ipaiue
1143 2166 1224 2230 acri·

131 2285 231 2359 ptorra
264 2269 415 2335 bonitate
449 2283 482 2336 et
522 2292 594 2336 conr
626 2270 732 2337 altera
762 2270 889 2337 familia
909 2273 1119 2337 contentione
1140 2270 1226 2336 indi·

135 2381 219 2443 cinta
250 2375 479 2443 confirmante.
592 2431 595 2437 .

224 2483 270 2549 Et
295 2499 405 2549 tamen
425 2485 612 2548 neoernrio
638 2484 801 2549 interdurn
824 2482 993 2565 dubitaui,
1021 2504 1118 2570 qnorn
1144 2503 1228 2569 pra·

136 2592 249 2657 aertiar
279 2593 354 2677 ipre
387 2588 495 2655 codex
523 2592 572 2655 ita
600 2589 816 2678 neglegenter
846 2603 880 2655 et
912 2592 1054 2676 inperite
1085 2593 1226 2674 aoriptne

135 2712 242 2780 earet,
287 2710 326 2761 nt
348 2719 449 2783 aopra
478 2698 571 2777 dixi,
613 2698 791 2763 familiaene
816 2699 1041 2762 teatimoninm
1064 2718 1106 2763 att
1129 2700 1228 2761 onina

135 2803 251 2870 librari
274 2825 367 2869 error
390 2802 522 2868 oblator
542 2818 651 2884 erret,
690 2804 784 2868 uelut
808 2803 861 2883 ll,
889 2805 953 2878 873
1000 2824 1107 2888 nequo
1129 2805 1228 2866 uitari

134 2915 262 2999 potnit,
302 2912 381 2997 qnin
405 2913 556 2998 quamuis
581 2909 758 2995 diligenter
780 2912 890 2974 omnia
912 2909 1229 2992 circnmapieientern

135 3021 247 3102 procia
275 3016 406 3103 aliquot
437 3015 520 3082 loeis
550 3017 676 3103 aliquid
700 3017 849 3102 ingeret,
893 3013 979 3101 qnod
1008 3016 1136 3100 exiguo
1160 3035 1230 3080 nro·

137 3139 248 3190 nento
270 3122 510 3189 dubitationem
535 3136 644 3191 tamen
677 3122 797 3188 tollere
822 3123 1001 3209 potnireet,
1045 3122 1229 3187 cuiusmodi

137 3245 177 3313 rt,
197 3231 289 3319 qood
311 3250 398 3296 nunc
419 3233 454 3295 in
476 3229 504 3311 1,
524 3232 568 3295 tt
590 3244 624 3297 et
642 3233 687 3295 to
709 3231 946 3297 animaduerto.
982 3229 1068 3297 Nam
1091 3243 1231 3316 utroque

140 3336 213 3403 loeo
235 3338 292 3402 edi
314 3334 429 3402 debuit
450 3357 492 3402 er
516 3337 586 3403 Eri.
610 3338 814 3422 aoleptoter,
836 3340 967 3425 priore,
1008 3337 1094 3423 qnod
1117 3336 1229 3422 plnree

139 3447 285 3509 oirtntee
311 3458 400 3509 reete
429 3443 617 3530 uoluptates
638 3442 777 3508 eofieera
808 3445 979 3524 dicuntur,
1022 3442 1134 3530 paullo
1157 3456 1232 3529 port

140 3554 298 3615 aninerra
320 3546 427 3614 uirtoa
450 3550 672 3634 uoluptatem,
694 3550 820 3631 altero,
865 3550 952 3637 qnod
974 3553 1083 3636 aptiua
1103 3564 1233 3615 contre·

142 3658 192 3721 ria
219 3669 404 3741 ponuntur
419 3667 556 3743 propter
595 3660 760 3722 molestior
798 3670 832 3722 et
865 3667 1002 3743 propter
1034 3658 1232 3740 uoluptater,

143 3784 239 3849 qnam
253 3784 391 3828 numero
415 3765 553 3829 nariato.
597 3762 635 3829 ln
657 3762 831 3830 uerborum
855 3763 987 3851 quidem
1009 3763 1123 3826 ordine
1144 3764 1233 3827 codi-

143 3890 213 3934 cern
244 3868 484 3956 Erlangeneern
514 3882 649 3935 aeentua
679 3892 771 3950 aum,
816 3873 967 3957 quotiens
995 3882 1053 3933 eut
1083 3861 1245 3956 paullum¹

145 3974 266 4062 aliquid
290 3975 444 4056 aliunde,
485 3975 580 4042 nelut
604 3999 622 4041 e
646 3975 773 4043 Uictori
796 3977 926 4058 codiee,
971 3973 1151 4041 adcedebat
1174 3999 1232 4040 au·

146 4084 304 4148 ctoritatia
328 4082 428 4170 (quod
450 4083 499 4147 ita
508 4103 595 4169 arepe
607 4080 657 4164 fit,
680 4095 716 4147 nt
734 4083 787 4147 hic
810 4104 939 4170 quoque
963 4085 1118 4150 uniueree
1137 4084 1232 4148 iami-

143 4185 192 4253 lia
209 4210 395 4255 conaenaua
422 4186 614 4271 polluceat),
636 4202 693 4255 ant
723 4187 893 4254 Ciceronis
926 4192 1128 4255 consuetudo
1158 4212 1233 4254 aen-

144 4297 316 4385 tentiteqne
346 4296 455 4361 forata
484 4295 638 4376 fauebat,
681 4310 847 4381 postremo
882 4295 945 4362 ‘ubi
974 4317 1093 4363 ennaea
1120 4294 1234 4382 aliqua

145 4405 254 4470 notati
286 4405 322 4468 in
355 4399 464 4467 altera
493 4400 621 4470 familia
650 4402 773 4468 ordinis
812 4401 964 4491 intellegi
1004 4413 1151 4490 poterat3
1198 4417 1233 4467 ut
