2706 5018
143 378 179 443 X
569 373 823 443 Pumututo.

143 584 162 625 e
187 583 246 647 pro
266 566 411 646 magras-e
430 561 506 642 de),
545 581 652 646 neque
673 574 782 626 tamen
807 560 875 625 ulla
897 561 1018 625 codicis
1036 556 1156 623 lacuna
1180 561 1233 623 nd-

142 681 283 732 notatur.
327 667 471 732 Omnino
496 665 629 731 silentio
661 667 809 732 codicum
836 667 1082 733 Oxoniensimn
1105 687 1163 752 pro
1189 678 1233 727 te·

141 775 295 838 stimonio
318 777 365 838 uti
386 774 719 860 inprudentissumum
743 786 784 838 st.

228 880 316 967 (Ego
340 882 373 944 iu
398 881 449 944 his
474 877 641 945 codicibus
662 877 758 943 Oxx.
790 900 964 943 naussum
987 875 1145 962 exemplo
1167 874 1233 939 Ha·

141 984 226 1049 lensi
252 989 354 1050 itaut
377 985 505 1050 Oliueti
537 987 715 1050 editionem
746 984 948 1049 adhiberem.
991 983 1054 1050 Uel
1077 985 1125 1046 sic
1147 1004 1234 1068 qtrae·

140 1093 214 1156 dum
238 1114 303 1156 non
325 1094 480 1157 adcurate
505 1091 552 1157 ibi
584 1093 749 1178 descripta
773 1114 864 1170 esse,
889 1095 970 1156 scio.
1031 1089 1097 1156 Sed
1121 1088 1234 1152 illast

140 1196 273 1263 illorum
296 1200 444 1263 codicum
466 1201 568 1277 ratio,
599 1212 635 1262 ut
657 1220 750 1284 aequo
776 1200 886 1262 aninro
909 1199 1070 1262 caruerim
1092 1196 1236 1259 editione

139 1308 211 1391 ipsa
230 1305 440 1387 Oxoniensi.)

227 1411 271 1475 11.
313 1412 470 1492 (Codices
485 1409 673 1495 Goerenzi.)
720 1409 769 1474 io.
793 1409 882 1498 Aug.
896 1409 1100 1474 Goerenzius
1122 1409 1232 1491 (1813)

137 1538 216 1581 usus
240 1531 291 1581 est
313 1518 424 1582 codice
446 1516 664 1603 Erlangensi,
695 1537 790 1602 quem
813 1519 883 1602 ipse
905 1515 1063 1593 contulit,
1106 1516 1233 1599 dequo

138 1625 249 1688 codice
273 1638 347 1709 post
370 1626 495 1705 dicam,
518 1621 788 1707 Guelferbytanis
810 1620 959 1700 duobus,
1002 1643 1140 1707 quorum
1163 1619 1232 1684 Gu-

48 1767 54 1778 ·
137 1732 268 1797 diarum
301 1730 316 1794 Ι
347 1733 426 1796 dicit
460 1729 566 1796 seculi
600 1731 706 1815 quinti
738 1729 865 1793 decumi
893 1728 1015 1805 fuisse,
1040 1725 1228 1792 Gudianum

136 1836 168 1901 ΙΙ
191 1836 398 1923 Heusinger,
446 1840 501 1924 qui
526 1836 637 1902 Guelf.
659 1823 677 1900 l
700 1835 865 1922 appellat,
887 1837 920 1897 in
943 1834 1136 1921 praefatione
1161 1835 1230 1897 edi-

138 1947 236 2007 tionis
256 1943 414 2009 librorum
438 1944 478 2006 de
504 1942 573 2008 Off.
604 1966 636 2029 p.
664 1941 751 2007 th
774 1954 1018 2015 conmemorat,
1063 1939 1256 2029 Bremius‚‚.

136 2051 191 2136 qui
213 2071 233 2111 a
257 2049 311 2112 Fr.
336 2048 378 2113 A.
402 2047 531 2116 Wolfio
554 2049 774 2114 conlationem
798 2050 870 2112 eius
906 2062 1078 2133 acceperat
1100 2063 1133 2111 et
1157 2026 1264 2111 eius!

134 2156 313 2240 scripturas
336 2154 389 2218 hic
412 2154 482 2219 illic
503 2157 538 2218 in
567 2178 627 2220 sua
652 2157 796 2220 editione
825 2155 971 2239 profert,
1014 2157 1048 2219 in
1071 2153 1166 2219 libris
1188 2155 1228 2218 de

136 2259 257 2324 finibus
289 2284 309 2324 a
348 2260 547 2348 neglegente
586 2264 759 2326 adumdum
799 2261 935 2326 librario
966 2264 1123 2345 scriptum
1163 2264 1229 2334 ait;

134 2379 296 2454 praterea
319 2367 524 2432 Goerenzius
547 2367 663 2432 babuit
692 2371 870 2453 scripturas
902 2368 1041 2430 duorum
1068 2367 1226 2444 codicum,

136 2475 304 2560 Spirensis
328 2488 361 2538 et
385 2473 606 2554 Basileensis,
643 2472 845 2560 aWegelio
872 2472 1013 2557 quodam
1037 2470 1178 2538 Basileae
1199 2497 1227 2536 a.

134 2583 218 2645 loess
247 2580 366 2666 pleno,
413 2594 451 2645 ut
481 2582 632 2660 uidetur,
675 2594 708 2645 et
735 2579 912 2664 diligenter
935 2593 1114 2665 excerptas
1136 2592 1169 2643 et
1192 2583 1224 2641 in

135 2688 284 2773 margine
315 2688 461 2771 exernpii
494 2687 681 2751 Manutiani
708 2708 738 2749 a.
779 2688 862 2750 1565
894 2686 1123 2767 adnotatas;¹)
1168 2706 1226 2770 po-

134 2809 255 2859 stremo
277 2797 311 2857 in
341 2791 435 2858 libris
464 2792 593 2857 duobus
624 2794 800 2879 postremis
829 2793 943 2857 aderat
970 2796 1137 2878 scripture
1168 2813 1225 2854 ιιιι·

134 2903 275 2966 rietase
305 2902 418 2966 codice
446 2898 639 2965 Monacensi
664 2921 695 2963 n.
718 2901 784 2963 328
808 2897 945 2982 (seculi,
980 2911 1016 2961 ut
1040 2897 1119 2961 mihi
1144 2900 1225 2959 scri·

133 3021 223 3090 ptum
244 3019 285 3085 st,
309 3007 392 3088 XV)
415 3029 435 3069 a
457 3007 512 3070 Fr.
535 3008 582 3072 X.
609 3006 767 3072 Wersero
790 3019 933 3070 enotata.
970 3005 1044 3069 'Sed
1070 3004 1226 3090 quemad·

133 3112 263 3175 modom
286 3107 491 3172 Goerenzius
513 3111 547 3172 in
571 3123 640 3174 toto
665 3110 727 3175 hoc
749 3115 883 3196 negotio
914 3110 1082 3176 codicibus
1112 3112 1224 3173 utendi

132 3229 282 3280 uersatus
306 3217 368 3292 sit,
392 3215 421 3276 si
444 3215 557 3298 paucis
581 3215 722 3294 dixero,
747 3238 881 3298 uereor,
928 3230 963 3280 ut
987 3217 1223 3302 turpitudinem

131 3323 236 3408 flagiti
258 3322 339 3384 satis
363 3320 602 3401 demonstrem,
626 3324 676 3385 sin
700 3336 809 3387 autem
834 3322 984 3410 pluribus
1006 3324 1115 3386 dicere
1135 3326 1223 3387 ince-

92 3450 94 3457 '
131 3449 226 3515 pero,
249 3448 290 3489 ue
303 3423 502 3510 superfluam
525 3448 659 3512 operam
679 3430 1001 3515 sumpsisseuidear.
1037 3429 1154 3492 Dicam
1176 3443 1224 3493 tu·

131 3555 218 3611 men,
232 3544 387 3616 quantum
409 3553 463 3596 res
480 3534 636 3618 postulat,
659 3557 700 3599 ne
720 3548 777 3600 aut
800 3537 932 3599 demea
954 3533 1020 3598 fide
1044 3535 1223 3614 dubitetur,

129 3661 228 3726 quom
249 3638 289 3701 de
314 3659 378 3702 uno
406 3643 687 3724 praestantissumo
716 3644 829 3707 codice
859 3645 975 3729 quouis
1006 3642 1076 3705 iere
1100 3644 1222 3728 pagina

127 3767 237 3812 meum
258 3747 524 3811 testimoniuma
551 3746 716 3814 Goerenzi
744 3750 927 3837 discrepet,
973 3769 1057 3813 neue
1089 3750 1222 3833 inperiti

126 3855 224 3918 certis
254 3851 504 3918 auctoritatibus
536 3856 668 3920 inanem
710 3859 855 3941 speciem
893 3854 1040 3921 codicum
1073 3850 1222 3916 Goeren-

126 3960 295 4022 aianorum
318 3973 485 4044 opponant
507 3972 540 4025 et
563 3983 610 4026 ex
629 3964 701 4027 eius
720 3960 888 4029 erroribus
912 3982 1016 4025 nouos
1038 3973 1221 4047 procreent.

149 4212 178 4281 ¹)
198 4210 285 4264 lianc
302 4208 426 4274 librum,
448 4227 505 4284 qno
525 4211 704 4267 Goerencius
722 4213 809 4267 etim
827 4211 859 4266 in
876 4209 1056 4264 Academicis
1076 4227 1146 4263 usus
1165 4218 1219 4273 est,

192 4319 333 4376 nusquam
351 4302 433 4367 dicit,
450 4302 529 4358 unde
544 4303 686 4361 hebuerit.
722 4307 786 4378 Ego
803 4303 958 4380 querendo
973 4319 1026 4374 per
1041 4302 1154 4358 litteras
1173 4304 1215 4356 ni·

192 4397 235 4452 hil
255 4394 389 4469 cooperi,
404 4395 462 4451 nisi
480 4414 574 4470 neque
591 4397 696 4469 Lipsite
712 4414 806 4472 neque
824 4393 988 4452 Zuicctmitc
1008 4411 1077 4450 cese.
