2730 5016
209 366 273 426 848
598 357 836 424 EXCURSUS
860 359 923 424 vl.

211 560 379 633 quicunque,
399 553 464 623 quie
482 553 629 632 definitum
647 571 737 626 genus
754 553 959 625 significetur.)
998 555 1024 606 Ε
1044 553 1197 610 Ciceronis
1214 557 1311 628 equoli-

212 662 266 716 hus
284 677 356 713 unus
375 658 498 712 obicitur
520 658 666 712 Cornelius
685 659 789 730 Nepos,
824 656 872 727 qui
891 658 922 711 in
941 658 1097 731 Pelopida·
1120 679 1147 714 e.
1167 660 1241 714 2sie
1254 662 1310 714 ueri·

214 764 303 834 puisse⁴
322 770 454 832 putaturr
478 762 518 814 111·
535 780 625 815 ornnes
639 764 704 828 fere
721 764 833 832 (exules
842 761 996 830 Thelseai)
1007 765 1141 817 Athenas
1159 782 1191 817 se
1207 765 1311 818 contris·

212 874 286 932 rant,
306 886 359 918 aaa
376 885 428 941 quo
441 867 525 919 otium
541 874 728 941 sequerentur,
747 869 796 920 sed
814 874 856 929 ut,
876 885 1061 942 quemqueen
1077 886 1222 938 pro-runo
1240 870 1312 922 loen

209 973 274 1036 sors
300 972 462 1036 adtulisset,
499 989 529 1024 eo
549 973 671 1039 patriam
698 988 862 1038 recuperare
880 972 1052 1026 niterentur.
1118 973 1263 1042 Quoniam
1286 974 1313 1024 ds

214 1075 271 1130 ulio
295 1078 376 1136 iaco,
416 1093 499 1146 quem
526 1082 627 1145 prester
648 1076 773 1130 Athenas
800 1075 1037 1146 experiremur,
1075 1074 1205 1146 eogitari
1223 1077 1315 1146 nequit,

214 1198 298 1253 quom
309 1178 436 1232 Atheuus
454 1178 755 1249 iprasexulespropter
775 1176 951 1233 uicinitatem
971 1179 1103 1250 elegisse
1123 1181 1230 1234 etiudo
1248 1182 1314 1235 The·

214 1287 264 1340 bns
275 1282 396 1356 proiecti
409 1301 469 1336 esse
485 1284 645 1347 traduntur,
662 1282 901 1352 interpretantur:
922 1300 1122 1358 quouscunque
1142 1287 1314 1346 occasionem

214 1406 327 1453 uerear,
346 1394 378 1440 ut
394 1386 587 1451 sntirLutine3
608 1402 673 1439 num
690 1394 722 1440 ut
739 1394 814 1440 recte
824 1385 926 1440 dicitur
937 1388 1030 1440 torrear
1039 1389 1085 1441 rei
1104 1390 1242 1457 gerenda
1249 1390 1313 1448 dore,

215 1494 333 1566 trabere,
352 1490 480 1545 oblatiuo
499 1497 593 1544 tumen
612 1507 679 1544 euru
699 1490 973 1560 udditopronomine
991 1489 1021 1544 id
1044 1509 1154 1545 nornen
1173 1491 1226 1546 ilio
1244 1493 1314 1545 mods

216 1599 267 1667 (eo
286 1598 368 1648 ioco
382 1595 506 1663 patriam
526 1598 703 1664 recuperare)
712 1595 768 1649 diei
778 1612 858 1664 posse
875 1612 931 1648 non
951 1594 1080 1648 uidetur.
1131 1600 1236 1667 ltaque
1254 1612 1312 1648 orer

214 1703 341 1756 Athones
358 1696 512 1769 significari
534 1707 612 1770 puto,
631 1700 718 1753 etsie
735 1715 752 1753 a
772 1699 906 1754 cornelio
924 1698 1065 1768 seriptum
1083 1716 1170 1753 esse:
1188 1707 1230 1765 ut,
1249 1718 1313 1769 quen

215 1823 249 1859 es
264 1822 398 1874 prosumo
418 1805 507 1856 toenor
520 1805 586 1869 fors
605 1804 759 1865 adtulisset,
778 1821 810 1856 eo
832 1802 906 1868 deu,
932 1802 989 1856 hoe
1008 1809 1063 1867 est,
1082 1808 1117 1857 ut
1139 1804 1171 1858 in
1191 1807 1262 1859 urbe
1278 1804 1313 1857 ui·

215 1909 289 1974 eina,
308 1926 393 1979 quern
406 1909 554 1961 commodo
564 1909 680 1962 fortune
690 1907 850 1969 obtulisset,
870 1906 990 1961 consilis
1001 1909 1106 1977 patrias
1121 1909 1313 1979 reeuperrnds

215 2012 368 2084 ugitarent.
401 2012 500 2065 Liuius
515 2012 564 2065 his
580 2010 631 2068 illo
650 2013 817 2082 pronomine
834 2011 875 2064 sie
893 2027 961 2064 usus
982 2010 1136 2078 ereditur,
1155 2013 1278 2082 primun
1296 2012 1313 2075 Ι,

216 2115 265 2168 2¹:
287 2117 394 2169 Foedus
412 2117 497 2168 istum
517 2117 589 2169 inter
613 2117 753 2169 Romanor
779 2123 807 2170 et
835 2115 1027 2168 Attasosen
1052 2115 1101 2168 nte
1120 2117 1252 2186 tegibus,
1279 2121 1312 2179 ut,

216 2221 347 2292 eninsqns
373 2220 473 2287 populi
490 2219 566 2271 eines
585 2236 616 2271 eo
641 2220 789 2273 certamine
812 2219 943 2271 uicissent
950 2253 960 2281 ,
999 2219 1026 2270 is
1054 2219 1146 2271 atteri
1163 2220 1269 2288 poprie
1283 2247 1312 2258 -

217 2324 392 2393 inperitarst.
427 2321 611 2376 Manifestum
630 2324 728 2388 ot‚ubi
741 2327 883 2378 certamen
903 2322 1027 2376 duorum
1047 2324 1229 2393 popularum
1247 2330 1314 2377 certe

218 2432 247 2482 st
265 2434 403 2498 perpetuu
427 2424 550 2480 foederis
562 2428 628 2498 lege
646 2428 807 2494 dirimatur,
826 2429 936 2481 nullum
955 2427 1054 2480 lecum
1073 2444 1140 2481 esse
1159 2412 1311 2497 pronomini

218 2531 386 2596 indefinitus
404 2547 469 2584 narn
488 2532 538 2602 qui
555 2531 596 2584 sic
617 2532 701 2585 dicit:
721 2508 776 2597 nt,
798 2531 982 2605 cuiuscunque
996 2531 1104 2599 populi
1122 2530 1205 2597 dre..
1231 2532 1255 2586 is
1271 2536 1313 2584 snt

219 2635 292 2691 inter
313 2635 403 2705 pluris
421 2636 542 2705 populos
563 2642 613 2689 aut
631 2633 729 2706 sapius
749 2636 790 2690 ite
808 2642 948 2690 certatum
967 2634 1002 2688 iri
1022 2635 1106 2702 dicit,
1118 2642 1161 2701 ut,
1179 2636 1242 2689 sins
1260 2635 1313 2688 nlla

183 2747 185 2750 ’
216 2744 295 2792 certe
308 2735 490 2806 persentiente,
509 2738 578 2803 eius,
597 2738 755 2811 quicunque
769 2739 880 2801 uicerit,
900 2738 1044 2809 inperium
1057 2739 1195 2795 futurum
1213 2739 1251 2793 sit
1269 2755 1311 2791 ns·

218 2858 272 2913 qne
291 2842 353 2895 ulle
371 2840 446 2895 nlius
464 2842 506 2895 rsi
534 2841 607 2896 ratio
633 2844 785 2898 habentur.
848 2842 946 2911 itaque
970 2859 1090 2912 prorsus
1122 2861 1183 2897 nou
1211 2842 1312 2906 dubito,

217 2944 283 3016 quin
305 2945 332 2997 in
352 2963 385 2998 eo
407 2946 520 3010 codice,
541 2964 556 2998 e
575 2964 630 3016 quo
651 2947 739 3000 nostri
761 2947 816 3000 orti
837 2953 919 3010 sunt,
939 2963 997 2999 uoa
1017 2955 1097 2999 reete
1116 2948 1252 3022 cuiusque
1267 2963 1311 3016 pro

216 3050 294 3101 euius
313 3049 450 3118 scriptum
471 3050 566 3103 iuuerit.
619 3051 700 3105 Alter
725 3057 767 3104 est
786 3053 863 3105 ieeur
882 3046 944 3102 uiui
964 3048 993 3101 in
1013 3048 1092 3102 libro
1113 3050 1203 3104 XXV
1223 3071 1248 3106 e.
1265 3049 1309 3103 292

220 3150 347 3204 Fomoeae
372 3153 450 3203 credi
466 3154 547 3215 eretis,
567 3162 670 3227 quanto
681 3155 746 3206 orde
758 3172 776 3206 a
795 3161 821 3207 te
840 3159 922 3222 copta
939 3154 988 3215 sit,
1006 3171 1091 3225 quarn
1108 3157 1236 3222 posteris
1254 3171 1313 3230 quo·

216 3273 267 3331 que
287 3273 346 3308 sons
368 3258 525 3323 spectaculo
545 3275 622 3319 esse,
660 3276 712 3334 qno
731 3259 843 3333 quisque
860 3264 944 3321 terro,
966 3257 1083 3330 quisque
1100 3259 1179 3310 nari
1203 3260 1311 3317 nenerr'r,

214 3377 287 3413 nano
304 3366 400 3412 nostro
418 3360 453 3412 de
464 3361 672 3414 Atheniensibus
686 3361 1013 3434 Carthaginiensibusque
1031 3367 1154 3428 tropoea,
1175 3381 1249 3415 nune
1268 3369 1311 3414 tra

216 3464 251 3516 de
268 3465 347 3516 nobis
360 3464 512 3517 ostendat?
532 3466 605 3530 Non,
624 3464 672 3535 qui
685 3466 830 3528 adueniat,
842 3465 990 3518 ostendere
999 3471 1107 3533 tropen
1117 3464 1175 3520 eibi
1195 3468 1312 3521 nondum

216 3571 301 3628 nota,
339 3566 387 3617 sod
408 3566 506 3618 err-bem
526 3567 651 3622 uenienti
670 3586 703 3622 eu
722 3570 885 3632 ostendere,
916 3567 1071 3620 Creuerius
1091 3569 1187 3635 uidit3
1224 3570 1312 3640 inque

215 3669 303 3720 uerba
322 3669 473 3722 admodum
493 3670 562 3721 dnre
587 3673 784 3743 coniungendo
798 3680 881 3725 sunus
899 3677 949 3734 ut,
969 3671 1128 3746 quicunque
1147 3691 1180 3726 eo
1201 3673 1311 3731 uenerit,

216 3775 462 3840 (urbe)ostendot.
488 3774 559 3828 Mihi
582 3781 610 3829 et
628 3778 688 3830 lene
706 3777 812 3830 duritia
836 3775 960 3828 minume
979 3773 1105 3828 Liuiano
1127 3784 1157 3830 et
1170 3775 1225 3831 ille
1244 3777 1313 3831 inso-

216 3879 304 3931 lentia
329 3880 437 3947 pridem
465 3886 622 3950 persuasit,
662 3887 693 3933 ut
711 3880 750 3933 sie
769 3879 881 3933 Liuium
899 3875 1045 3946 scripsisse
1065 3885 1223 3948 putoremr
1248 3897 1312 3954 qna,

216 3983 378 4048 utquisque
399 3990 492 4047 terra,
528 3985 641 4058 quisque
663 3984 734 4036 mari
758 3984 881 4048 uenerit,
915 3998 987 4033 nuno
1015 3979 1070 4036 dre.
1108 3983 1213 4037 Uideri
1232 3980 1312 4037 elicui

215 4082 302 4150 possit
334 4086 408 4153 apud
429 4085 540 4139 Liuium
566 4066 719 4156 pronomen
747 4088 861 4162 quisque
887 4103 937 4156 pro
965 4086 1140 4155 pronomine
1168 4089 1313 4156 quieurqrs

215 4185 336 4252 positum
366 4187 479 4240 defendi
505 4207 556 4243 usu
589 4191 708 4244 uduerbi
736 4192 899 4260 quandoque
931 4205 983 4257 pra
1016 4190 1242 4263 quandocunque
1267 4207 1311 4260 po·

214 4285 280 4348 siti,
319 4290 366 4360 qui
393 4294 467 4361 apud
498 4294 662 4350 Ciceronem
690 4296 812 4349 nondum
843 4288 992 4364 reperitur.
1049 4292 1110 4347 Sed
1143 4294 1260 4349 tollitur
1284 4307 1314 4344 rr

215 4389 342 4444 defensio
377 4402 405 4447 et
442 4398 532 4451 ineius
561 4401 708 4452 eontrnriae
746 4396 889 4451 sententie
928 4396 1038 4464 pondus
1071 4398 1208 4465 adcendit,
1242 4395 1313 4467 qaod
