2706 5018
126 347 169 406 96
477 340 537 407 DE
559 338 737 409 FlNlBUS
759 339 862 407 BON.

128 558 276 602 caussam
308 549 438 621 propter
471 534 674 616 uoluptatem
704 549 736 599 et
759 559 895 622 paruam
917 548 951 599 et
974 556 1040 599 nou
1069 556 1216 601 necessa·

128 647 211 709 riam
240 655 272 705 et
294 663 376 727 quae
400 639 456 704 uel
480 639 577 705 aliter
600 655 793 727 pararetur,
837 654 870 705 at
892 664 956 728 qua
981 643 1084 706 etiam
1109 663 1213 707 oarers

128 761 262 837 possent
292 750 363 810 sine
393 745 527 824 dolore,
573 760 639 809 tum
672 749 705 810 iu
737 746 870 812 morbos
902 751 1034 833 grauiS,
1081 762 1151 812 tum
1180 749 1210 811 is

129 857 266 933 dantus,
304 866 371 916 tum
391 855 424 916 in
445 854 605 916 dedecora
628 855 816 933 incurrunt,
860 876 959 938 saepe
984 856 1086 918 etiam
1108 853 1229 940 leguu'

129 963 387 1044 iudiciorumque
423 963 538 1043 poenis
571 958 771 1046 obligantur.
836 962 888 1022 ts.
930 960 998 1037 Qut
1027 973 1135 1023 autera
1167 959 1225 1023 its·

130 1069 195 1131 trui
226 1065 341 1130 uolunt
374 1064 621 1151 uoluptatibus,
665 1079 701 1128 ut
730 1064 816 1129 nulli
844 1072 977 1151 propter
1008 1089 1066 1130 eas
1090 1064 1239 1177 doloresq:

130 1186 387 1258 consequantur,
419 1183 451 1233 et
478 1172 533 1255 qui
556 1193 649 1233 suum
673 1171 829 1235 iudicium
850 1174 1012 1251 retinent,
1061 1193 1102 1234 ne
1123 1168 1200 1234 uolu-

130 1292 218 1366 ptato
240 1281 319 1340 uicti
341 1277 462 1340 iaciant
486 1277 541 1354 id,
563 1277 647 1361 quod
671 1280 816 1340 sentiunt
838 1299 902 1341 non
927 1299 1000 1343 esse
1023 1277 1200 1355 laciendum,

129 1389 152 1447 ii
174 1385 377 1469 uoluptatem
400 1404 589 1445 ruaxumam
612 1383 834 1467 adipiscuntur
857 1384 1140 1469 praetermittenda
1154 1402 1199 1445 us·

129 1490 266 1575 luptate.
310 1488 410 1551 lidom
430 1490 528 1550 otiam
549 1487 696 1552 dolorem
719 1511 817 1575 saepe
840 1492 1083 1575 perpetiuntur,
1105 1487 1196 1567 ne,si
1229 1464 1239 1559 l

130 1597 163 1659 id
186 1617 249 1658 non
273 1595 411 1670 iaciant,
445 1593 589 1655 incidant
609 1595 643 1655 iu
666 1597 835 1658 maiorem.
892 1596 947 1658 Ex
965 1618 1031 1681 quo
1053 1593 1197 1678 intellegi·
1236 1602 1239 1629 ²

129 1717 200 1778 tur,
231 1723 290 1764 nec
312 1701 595 1781 intemperantiam
619 1713 751 1786 propter
772 1723 808 1765 se
829 1722 901 1764 esse
927 1701 1114 1787 fugiendam
1134 1712 1198 1762 teu·
1235 1776 1239 1783 .

130 1810 376 1893 perantiamque
409 1806 647 1887 expetendam,
694 1828 759 1869 non
787 1809 862 1892 quia
892 1805 1080 1892 uoluptates
1101 1806 1199 1892 lugiet,

130 1914 188 1993 sed
211 1915 288 1997 quia
311 1914 451 1976 maiores
474 1925 700 1997 consequatur.
1122 1907 1126 1913 ’

220 2018 301 2080 XV.
338 2021 399 2102 39·
423 2018 546 2081 Eadem
570 2006 770 2081 fortitudinis
794 2019 877 2080 ratio
902 2018 1093 2102 reperietur.
1131 2010 1204 2079 Nan

133 2144 237 2207 nequo
267 2120 417 2201 laborum
449 2123 634 2207 perfunctio
667 2145 771 2208 neque
796 2124 964 2209 perpessio
990 2122 1136 2187 dolorum
1153 2134 1209 2206 pst*

132 2249 168 2290 se
190 2230 261 2313 ipsa
285 2227 413 2304 adlicit,
460 2249 519 2291 nec
543 2232 701 2313 patientia
725 2251 784 2292 nec
806 2229 980 2292 assiduitas
1004 2249 1063 2291 neo
1084 2223 1209 2311 uigiliae

134 2354 193 2397 neo
215 2335 305 2417 ipsa,
327 2355 409 2417 quae
439 2332 608 2413 laudatur,
632 2335 811 2413 industria,
835 2356 876 2397 ue
897 2332 1055 2397 lortitudo
1079 2330 1209 2418 quidem,

187 2539 234 2591 uel)
250 2540 310 2583 utE
345 2538 516 2591 etiamnunc
577 2542 611 2585 48.
631 2540 828 2595 ιιιιΙΙί)ιιιι11οιΕ
861 2539 1055 2593 doloreslomss
1088 2532 1216 2591 linistis)

133 2615 174 2658 0r.
207 2614 286 2668 iidem)
301 2615 467 2658 cumidemc
502 2617 638 2668 nes)om.Ir
674 2631 726 2661 esse
738 2617 881 2673 fugiendam)
892 2620 913 2671 s.
933 2629 954 2661 s.
968 2615 1123 2662 urmcaor.
1178 2612 1216 2659 fl.

133 2688 268 2743 assiduitas)
279 2691 439 2735 assiduitates
450 2690 562 2735 EPMCR
591 2692 651 2748 ipsa)
667 2706 697 2737 ea
712 2696 765 2749 ipsa
776 2693 929 2737 umecttor.
958 2694 999 2744 ue)
1012 2705 1058 2735 aee
1074 2692 1113 2757 lac

133 2874 208 2943 Eut,
227 2873 329 2927 Gziani
347 2875 416 2939 tres)
427 2881 640 2942 prouenturum
659 2874 710 2928 Os.
727 2876 753 2926 U
769 2881 975 2942 peruenturum.
1011 2873 1108 2927 Ursini
1126 2874 1223 2937 codex,

133 2964 239 3026 idest,
276 2966 454 3019 coniectura:
490 2985 574 3035 porro
597 2973 767 3020 euenturum.
827 2968 914 3020 Nulla
935 2964 982 3017 hic
1001 2966 1224 3023 matroneum

135 3058 294 3127 progressio
314 3058 499 3129 significatur.
557 3061 623 3112 Mox
642 3060 688 3110 uei
705 3061 788 3112 aliter
807 3055 956 3130 (qnoniam
981 3057 1113 3113 Bremius
1130 3060 1223 3131 hasil)

138 3156 196 3203 est:
217 3151 243 3200 si
260 3151 366 3202 omnino
387 3152 448 3218 quis
467 3169 525 3203 eam
546 3152 728 3213 desideraret,
748 3152 830 3204 etiam
850 3151 932 3203 aliter
948 3156 1108 3218 pararetur.

205 3239 248 3291 48.
287 3243 457 3308 uoluptatem
474 3271 509 3281 —
527 3244 731 3311 adipiscuntur)
750 3245 814 3299 Uid.
833 3245 868 3296 sd
886 3241 929 3295 88.
965 3242 1068 3298 Paullo
1087 3246 1152 3313 post
1168 3252 1225 3295 ests

131 3329 299 3396 fugiendam
318 3331 403 3384 etiarn
421 3332 496 3400 Spin.
1150 3398 1156 3405 ι

204 3421 272 3488 Cap·
288 3420 353 3480 XV,
373 3422 416 3476 ts.
452 3441 502 3476 uec
514 3427 680 3493 assiduitas)
700 3428 867 3481 Emendatio
887 3428 946 3480 lroec
959 3425 1071 3480 monost
1091 3433 1120 3479 et
1132 3416 1222 3489 Litai,

136 3516 165 3562 et
181 3510 237 3562 iam
257 3518 322 3563 ante
342 3514 445 3568 ueteris
467 3519 634 3571 correctoris
651 3519 678 3571 in
705 3512 735 3572 Β.
773 3521 845 3573 Nam
862 3521 936 3575 Poll.
956 3535 1054 3572 omnes
1072 3516 1222 3570 assiduita-

136 3609 187 3667 tes,
206 3610 355 3672 tscentquo
374 3608 445 3660 Dan.
465 3614 492 3660 et
511 3609 580 3665 on.
623 3612 704 3679 Quod
724 3620 819 3665 autem
846 3611 932 3664 Gaius
959 3606 1043 3674 dirit,
1078 3609 1234 3680 ''potiom

134 3712 199 3750 suus
217 3700 332 3750 omnes”
353 3699 460 3752 habere
481 3701 650 3766 assiduitas,
671 3702 714 3767 id,
734 3709 766 3755 ut
782 3704 818 3755 de
838 3705 916 3768 Eri,
935 3702 974 3755 sic
992 3703 1028 3754 da
1046 3700 1151 3754 esteris
1170 3698 1223 3754 lsl·

134 3805 196 3841 sum
217 3798 251 3843 st.
281 3791 378 3843 Teneo
398 3797 491 3845 tamen
510 3793 702 3864 singularem,
740 3795 814 3864 quod
832 3796 927 3849 nullus
946 3794 1061 3847 omnino
1080 3791 1128 3846 hio
1147 3795 1224 3847 loru

136 3885 178 3931 est
197 3880 305 3933 notioni
323 3881 515 3937 subiectorum
535 3891 584 3937 aut
604 3903 717 3950 rorrrm,
755 3886 783 3938 in
805 3887 905 3956 quibus
924 3894 1070 3949 uersutus,
1106 3898 1223 3939 aarum

135 3970 348 4041 multiplicate,
367 3975 414 4026 sed
435 3976 580 4045 generali,
600 3986 632 4031 ut
651 3985 692 4031 est
707 3979 860 4045 patientia,
883 3979 1038 4039 industria,
1057 3974 1227 4047 uidetarqss

110 4113 118 4127 ,
136 4063 257 4131 pluralis
275 4071 352 4118 ortus
372 4083 431 4120 esse
450 4086 482 4120 ex
501 4069 632 4139 sequenti
651 4069 768 4139 uigilias.

204 4172 254 4207 aee
270 4157 345 4224 ipsa)
365 4158 412 4210 Sic
430 4160 516 4213 etiam
534 4162 620 4232 Spin,
640 4163 714 4215 Gud.
732 4161 759 4226 2,
779 4163 843 4216 Bas.
879 4161 1023 4215 Editiones
1036 4164 1102 4212 auto
1121 4158 1228 4217 arian

136 4263 232 4301 ornnes
253 4265 302 4299 nee
322 4264 355 4300 ea
373 4249 434 4318 ipsa
452 4258 619 4323 taceturque
637 4255 672 4307 da
689 4254 787 4315 codd,
825 4253 879 4307 nisi
902 4254 975 4322 quod
994 4252 1024 4306 iu
1049 4249 1066 4314 ξ
1083 4250 1228 4307 omittitur

137 4338 213 4406 ipsa,
250 4338 279 4392 in
298 4340 321 4391 E
342 4347 492 4412 utrumque
516 4364 680 4415 pronomen.
740 4347 802 4401 Non
821 4345 895 4399 hauc
919 4343 1086 4398 iudustriam
1103 4341 1230 4400 statiis
