2730 5016
552 354 806 423 PRAEFATIO.
1102 360 1229 428 XXIX

135 572 184 613 cnr
206 551 247 614 da
276 574 318 616 aa
340 573 462 617 caussa
495 551 631 639 loquor,
679 555 714 616 in
736 575 800 638 quo
823 553 1008 620 Goerenzio
1033 569 1118 624 teste
1140 575 1229 628 stau·

135 658 201 721 dum
232 659 299 722 sit!

217 764 488 831 Prastantioreur
511 770 543 830 in
569 765 632 830 hoc
656 788 778 852 genere
807 765 910 831 fuisso
936 782 1015 854 puto
1040 770 1225 840 Palatinum

135 884 273 950 sextum,
295 895 315 935 e
335 877 448 960 quoin
471 876 585 959 quinto
604 894 761 938 maxumo
784 871 870 937 libro
890 877 1010 959 sapius
1028 878 1226 946 adnotantur

135 979 298 1062 scriptura
333 980 494 1045 bonorum
533 982 673 1067 propria
705 982 801 1064 (quas
831 979 871 1042 ad
901 980 954 1058 V,
998 984 1042 1046 89
1066 984 1225 1072 conlegi),

135 1083 281 1170 idemque
304 1086 368 1166 IV,
392 1090 434 1151 ts
456 1110 529 1151 curu
552 1084 647 1150 bonis
671 1087 836 1151 consentit
868 1087 1007 1170 (tertia).
1075 1088 1114 1153 ln
1136 1095 1225 1174 prio·

134 1189 217 1253 ribus
239 1190 356 1272 libris,
394 1191 450 1256 ubi
473 1194 585 1258 aderat
605 1191 678 1256 Pal.
708 1195 748 1271 1,
779 1188 942 1255 Gruterus
964 1190 1052 1257 hunc
1082 1208 1225 1262 contem-

133 1299 233 1380 psisse
253 1298 407 1373 uidetur;
428 1298 461 1363 ll
482 1311 591 1363 tamen
607 1300 669 1362 166
691 1320 737 1362 cx
761 1319 801 1361 eo
825 1319 955 1384 qnoque
980 1301 1146 1383 profertur
1168 1325 1225 1367 ue·

132 1424 196 1465 rum
220 1405 336 1488 (quum
358 1405 480 1487 illius).

216 1508 255 1571 ln
282 1511 501 1576 deterioribus
531 1510 697 1603 codicibus
732 1512 791 1590 iis,
830 1513 885 1597 qui
917 1511 1001 1576 nihil
1030 1535 1049 1577 c
1077 1515 1223 1579 meliori·

134 1611 189 1677 bus
221 1628 416 1697 traxerunt,
471 1618 569 1683 facilc
601 1616 824 1703 intellegitur,
868 1631 987 1702 prater
1018 1643 1224 1687 communem

134 1719 221 1786 iliam
266 1725 533 1812 interpolationis
566 1737 599 1788 et
631 1723 822 1787 mendorum
855 1724 987 1804 labem,
1033 1750 1097 1813 qna
1120 1751 1224 1814 genus

135 1833 320 1910 agnoscitur
349 1844 516 1918 tamquam
546 1844 644 1910 uota,
689 1843 723 1893 et
749 1851 877 1893 errores
909 1852 1013 1894 nouos
1046 1836 1137 1898 uarie
1168 1835 1224 1898 ad·

139 1939 267 2002 cessisse
299 1952 334 2002 et
365 1939 549 2022 corrigendi
589 1948 738 2001 conatum
781 1936 943 2000 interdum
981 1937 1114 2025 longius
1152 1961 1225 2026 pro·

132 2064 275 2126 gressum
301 2068 398 2123 esse,
445 2044 543 2108 aiiter
567 2047 600 2108 iu
622 2040 896 2118 aliissueluhl,
937 2046 996 2123 46,
1043 2067 1140 2130 quom
1164 2067 1223 2109 ex·

132 2152 259 2215 uidisset
282 2161 458 2231 monstret,
480 2154 598 2238 partim
623 2153 728 2214 oratio
749 2170 863 2213 manca
882 2149 997 2215 relicta
1019 2163 1068 2231 st,
1104 2154 1224 2236 partim

133 2257 273 2323 additum
299 2259 437 2332 doceut3
464 2261 498 2321 iu
522 2256 565 2336 ll,
586 2260 629 2319 20
650 2259 684 2319 iu
707 2255 874 2341 plerisque
896 2261 1017 2321 omissa
1040 2271 1127 2332 sunt,
1153 2278 1224 2343 quae

132 2368 221 2448 pauci
246 2387 292 2428 ex
317 2368 467 2451 margine
485 2366 643 2450 principis
665 2364 892 2440 seruarunt.¹)
940 2365 1024 2428 Sunt
1041 2367 1075 2426 iu
1096 2363 1147 2428 his
1168 2385 1225 2426 ue·

133 2472 227 2555 stigia
252 2472 402 2556 quaedam
432 2473 596 2558 propioris
628 2471 835 2555 cognationis
868 2483 1031 2534 certorum
1057 2469 1154 2532 huius
1177 2471 1225 2532 fa·

135 2578 227 2640 initiae
252 2577 527 2653 codicum3uelut
546 2578 692 2661 adparet,
713 2576 891 2640 editionem
914 2575 1095 2641 Romanam
1117 2574 1222 2639 multo

134 2687 250 2768 sapius
275 2706 349 2747 cum
382 2685 494 2748 codice
523 2697 636 2746 nostro
667 2682 846 2745 Parisiensi
878 2685 1084 2760 consentire,
1127 2703 1224 2768 quam

133 2786 384 2865 Coloniensenr;
404 2790 462 2852 sod
486 2810 591 2874 neque
615 2791 726 2874 magui
751 2791 907 2852 momenti
930 2787 999 2852 lucc
1015 2802 1091 2852 stunt
1114 2788 1154 2852 ad
1177 2790 1225 2850 in·

131 2896 328 2959 ueniendum
362 2910 394 2959 et
427 2896 670 2980 ponderandum
709 2894 844 2956 sauritim
884 2895 1107 2957 testimonium
1135 2901 1226 2969 (narn

131 3004 193 3067 fere
226 3024 409 3085 paucorum
438 3024 458 3063 a
495 3004 628 3087 generis
669 3021 831 3064 consensu
871 2999 1095 3063 aberrationes
1126 2999 1225 3063 facile

130 3107 328 3193 iudicantur)
354 3130 459 3194 neque
492 3107 665 3194 explicari·
695 3107 848 3169 distincte
887 3118 1024 3191 possunt
1066 3108 1100 3169 in
1135 3119 1226 3171 tauta

132 3239 265 3294 eornm,
293 3216 350 3300 qni
376 3214 436 3277 hos
459 3214 586 3277 codices
609 3211 849 3290 adhibuerunt,
892 3212 1114 3298 neglegentia.
1160 3211 1227 3278 lta·

135 3347 193 3408 que
218 3335 348 3385 tantum
373 3342 479 3405 pono,
509 3322 594 3382 iuter
618 3322 760 3383 miuuurc
784 3318 889 3382 malos
912 3340 984 3383 esse
1008 3319 1076 3383 Pal.
1097 3323 1119 3383 3
1140 3333 1173 3383 et
1194 3323 1227 3398 4,

135 3444 164 3492 et
184 3431 409 3494 Parisiouseur
434 3440 580 3489 nostrum
603 3429 651 3509 (iu
679 3448 742 3511 quo
767 3423 819 3506 li,
864 3429 904 3489 61
938 3448 996 3512 pro
1031 3426 1089 3490 ubi
1111 3435 1149 3490 ut
1176 3438 1227 3490 est

135 3543 200 3600 atri
219 3546 278 3615 at,
301 3538 334 3597 in
359 3534 477 3596 ceteris
499 3531 716 3596 deterioribus
738 3552 812 3596 nam
835 3536 902 3612 ut),
926 3515 1082 3597 mutando
1102 3544 1134 3595 et
1157 3554 1226 3597 cor-

135 3645 262 3730 rigendi
288 3653 408 3705 conatu
428 3651 503 3720 post
524 3639 569 3715 Εξ
591 3639 691 3724 longe
712 3639 867 3724 progredi
890 3637 1056 3702 Elieusera
1080 3642 1098 3701 1
1118 3637 1227 3715 (uelut

133 3748 188 3829 W,
211 3753 234 3814 6
258 3749 300 3812 de
320 3749 442 3810 animis
463 3743 624 3808 dominum
648 3750 760 3827 spissas
782 3745 1008 3823 vellentium),
1041 3755 1109 3805 tum
1133 3764 1226 3821 uero,

132 3856 168 3919 de
192 3879 257 3942 quo
281 3856 404 3917 certius
429 3865 569 3931 constat,
591 3851 789 3916 Leidensem
813 3863 972 3929 nostrum,
996 3850 1036 3913 ad
1062 3871 1158 3935 quern
1181 3851 1226 3912 si·

133 3963 313 4026 militudine
338 3959 469 4023 adcedit
490 3957 661 4022 Palatinus
695 3955 858 4023 secundus
892 3958 966 4036 (cfr.
996 3957 1038 4021 ad
1061 3956 1113 4035 V,
1157 3956 1226 4037 72).

152 4212 177 4278 1)
193 4204 399 4265 uenatoria
421 4202 571 4257 arsamus
582 4208 626 4256 aa
643 4203 675 4256 a
692 4203 742 4256 un.
761 4202 800 4266 u,
819 4207 862 4266 aa,
879 4203 929 4256 aar
948 4162 1075 4257 66666
1091 4201 1228 4273 quinque,

191 4301 376 4357 Parisienses
395 4305 458 4351 tres
477 4297 521 4365 (1)
539 4294 676 4349 dicuntur
692 4295 799 4350 hahere
825 4298 974 4352 ssmistio
1005 4297 1054 4364 (ut
1070 4292 1146 4359 Εξ),
1177 4307 1228 4344 66·

191 4396 245 4450 stri
267 4402 296 4448 et
317 4393 392 4445 Oxx.
414 4398 476 4444 tres
494 4388 601 4442 liabent
632 4390 821 4444 Themistocle.
