<?xml version="1.0" encoding="UTF-8"?>
<!DOCTYPE html PUBLIC "-//W3C//DTD XHTML 1.0 Transitional//EN"
    "http://www.w3.org/TR/xhtml1/DTD/xhtml1-transitional.dtd">
<html xmlns="http://www.w3.org/1999/xhtml" xml:lang="en" lang="en">
 <head>
  <title>
</title>
<meta http-equiv="Content-Type" content="text/html;charset=utf-8" />
  <meta name='ocr-system' content='tesseract 3.04.00' />
  <meta name='ocr-capabilities' content='ocr_page ocr_carea ocr_par ocr_line ocrx_word'/>
</head>
<body>
  <div class='ocr_page' id='page_1' title='image "./mtulliciceronis00madvgoog_0042.png"; bbox 0 0 2730 5016; ppageno 0'>
   <div class='ocr_carea' id='block_1_1' title="bbox 475 339 1155 450">
    <p class='ocr_par' dir='ltr' id='par_1_1' title="bbox 475 339 1155 450">
     <span class='ocr_line' id='line_1_1' title="bbox 475 339 1155 450; baseline -0.006 -44"><span class='ocrx_word' id='word_1_1' title='bbox 475 339 731 408; x_wconf 77' lang='lat' dir='ltr'><strong>PRAEFATIO.</strong></span> <span class='ocrx_word' id='word_1_2' title='bbox 774 437 778 450; x_wconf 22' lang='grc' dir='ltr'>ι</span> <span class='ocrx_word' id='word_1_3' title='bbox 1028 349 1155 415; x_wconf 85' lang='grc' dir='ltr'>χχχι</span> 
     </span>
    </p>
   </div>
   <div class='ocr_carea' id='block_1_2' title="bbox 54 534 1244 3497">
    <p class='ocr_par' dir='ltr' id='par_1_2' title="bbox 55 534 1244 2542">
     <span class='ocr_line' id='line_1_2' title="bbox 65 534 1154 625; baseline 0.011 -28"><span class='ocrx_word' id='word_1_4' title='bbox 65 534 210 612; x_wconf 86' lang='lat' dir='ltr'><strong>breuiter,</strong></span> <span class='ocrx_word' id='word_1_5' title='bbox 256 535 351 621; x_wconf 87' lang='lat' dir='ltr'><strong>qnod</strong></span> <span class='ocrx_word' id='word_1_6' title='bbox 383 536 420 599; x_wconf 90' lang='lat' dir='ltr'><strong>in</strong></span> <span class='ocrx_word' id='word_1_7' title='bbox 452 538 541 600; x_wconf 91' lang='lat' dir='ltr'><strong>omni</strong></span> <span class='ocrx_word' id='word_1_8' title='bbox 573 537 636 603; x_wconf 87' lang='lat' dir='ltr'><strong>hac</strong></span> <span class='ocrx_word' id='word_1_9' title='bbox 659 538 915 625; x_wconf 81' lang='lat' dir='ltr'><strong>inuestigatione</strong></span> <span class='ocrx_word' id='word_1_10' title='bbox 940 538 1066 607; x_wconf 86' lang='lat' dir='ltr'><strong>nullam</strong></span> <span class='ocrx_word' id='word_1_11' title='bbox 1084 543 1154 609; x_wconf 83' lang='lat' dir='ltr'><strong>iere</strong></span> 
     </span>
     <span class='ocr_line' id='line_1_3' title="bbox 63 639 1192 731; baseline 0.009 -26"><span class='ocrx_word' id='word_1_12' title='bbox 63 640 145 705; x_wconf 87' lang='lat' dir='ltr'><strong>uliam</strong></span> <span class='ocrx_word' id='word_1_13' title='bbox 170 639 357 708; x_wconf 72' lang='lat' dir='ltr'>utilitatem</span> <span class='ocrx_word' id='word_1_14' title='bbox 384 663 458 708; x_wconf 87' lang='lat' dir='ltr'><strong>esse</strong></span> <span class='ocrx_word' id='word_1_15' title='bbox 488 643 617 724; x_wconf 88' lang='lat' dir='ltr'><strong>iudico,</strong></span> <span class='ocrx_word' id='word_1_16' title='bbox 661 647 726 708; x_wconf 91' lang='lat' dir='ltr'><strong>nisi</strong></span> <span class='ocrx_word' id='word_1_17' title='bbox 750 666 822 731; x_wconf 86' lang='lat' dir='ltr'><strong>quae</strong></span> <span class='ocrx_word' id='word_1_18' title='bbox 857 647 892 709; x_wconf 93' lang='lat' dir='ltr'><strong>in</strong></span> <span class='ocrx_word' id='word_1_19' title='bbox 918 650 1154 731; x_wconf 73' lang='lat' dir='ltr'><strong>superstitione</strong></span> <span class='ocrx_word' id='word_1_20' title='bbox 1190 674 1192 677; x_wconf 88' lang='lat'>·</span> 
     </span>
     <span class='ocr_line' id='line_1_4' title="bbox 63 748 1152 839; baseline 0.01 -29"><span class='ocrx_word' id='word_1_21' title='bbox 63 748 188 834; x_wconf 86' lang='lat' dir='ltr'><strong>quodam</strong></span> <span class='ocrx_word' id='word_1_22' title='bbox 211 750 445 836; x_wconf 78' lang='lat' dir='ltr'><strong>expugnanda</strong></span> <span class='ocrx_word' id='word_1_23' title='bbox 464 753 691 836; x_wconf 80' lang='lat' dir='ltr'><strong>perspiciatur.</strong></span> <span class='ocrx_word' id='word_1_24' title='bbox 737 749 858 815; x_wconf 88' lang='lat' dir='ltr'><strong>Nescio</strong></span> <span class='ocrx_word' id='word_1_25' title='bbox 879 755 965 817; x_wconf 92' lang='lat' dir='ltr'><strong>enim</strong></span> <span class='ocrx_word' id='word_1_26' title='bbox 989 757 1152 839; x_wconf 89' lang='lat' dir='ltr'><strong>quomodo</strong></span> 
     </span>
     <span class='ocr_line' id='line_1_5' title="bbox 63 853 1151 943; baseline 0.006 -25"><span class='ocrx_word' id='word_1_27' title='bbox 63 853 176 918; x_wconf 84' lang='lat' dir='ltr'><strong>malunt</strong></span> <span class='ocrx_word' id='word_1_28' title='bbox 197 855 337 940; x_wconf 87' lang='lat' dir='ltr'><strong>quidam</strong></span> <span class='ocrx_word' id='word_1_29' title='bbox 363 857 404 920; x_wconf 92' lang='lat' dir='ltr'><strong>de</strong></span> <span class='ocrx_word' id='word_1_30' title='bbox 425 871 575 922; x_wconf 87' lang='lat' dir='ltr'><strong>ueterum</strong></span> <span class='ocrx_word' id='word_1_31' title='bbox 607 858 769 922; x_wconf 86' lang='lat' dir='ltr'><strong>editorum</strong></span> <span class='ocrx_word' id='word_1_32' title='bbox 802 857 968 922; x_wconf 79' lang='lat' dir='ltr'><strong>codicibus</strong></span> <span class='ocrx_word' id='word_1_33' title='bbox 992 864 1151 943; x_wconf 91' lang='lat' dir='ltr'><strong>suspicari</strong></span> 
     </span>
     <span class='ocr_line' id='line_1_6' title="bbox 65 961 1151 1050; baseline 0.008 -27"><span class='ocrx_word' id='word_1_34' title='bbox 65 981 150 1045; x_wconf 79' lang='lat' dir='ltr'><strong>quam</strong></span> <span class='ocrx_word' id='word_1_35' title='bbox 177 981 260 1039; x_wconf 88' lang='lat' dir='ltr'><strong>eos,</strong></span> <span class='ocrx_word' id='word_1_36' title='bbox 281 982 365 1047; x_wconf 89' lang='lat' dir='ltr'><strong>quos</strong></span> <span class='ocrx_word' id='word_1_37' title='bbox 389 961 486 1043; x_wconf 85' lang='lat' dir='ltr'><strong>licet,</strong></span> <span class='ocrx_word' id='word_1_38' title='bbox 509 966 719 1049; x_wconf 74' lang='lat' dir='ltr'><strong>perscrutari.</strong></span> <span class='ocrx_word' id='word_1_39' title='bbox 767 963 833 1030; x_wconf 88' lang='lat' dir='ltr'><strong>Sed</strong></span> <span class='ocrx_word' id='word_1_40' title='bbox 855 967 968 1050; x_wconf 76' lang='lat' dir='ltr'><strong>primm</strong></span> <span class='ocrx_word' id='word_1_41' title='bbox 988 967 1151 1032; x_wconf 83' lang='lat' dir='ltr'><strong>editiones</strong></span> 
     </span>
     <span class='ocr_line' id='line_1_7' title="bbox 64 1065 1153 1160; baseline 0.008 -30"><span class='ocrx_word' id='word_1_42' title='bbox 64 1065 216 1131; x_wconf 88' lang='lat' dir='ltr'><strong>librorum</strong></span> <span class='ocrx_word' id='word_1_43' title='bbox 240 1067 283 1131; x_wconf 91' lang='lat' dir='ltr'><strong>de</strong></span> <span class='ocrx_word' id='word_1_44' title='bbox 305 1068 454 1148; x_wconf 87' lang='lat' dir='ltr'><strong>Finibus,</strong></span> <span class='ocrx_word' id='word_1_45' title='bbox 474 1082 510 1134; x_wconf 90' lang='lat' dir='ltr'><strong>ot</strong></span> <span class='ocrx_word' id='word_1_46' title='bbox 531 1070 601 1134; x_wconf 83' lang='lat' dir='ltr'><strong>iere</strong></span> <span class='ocrx_word' id='word_1_47' title='bbox 620 1084 803 1135; x_wconf 87' lang='lat' dir='ltr'><strong>ceterorum</strong></span> <span class='ocrx_word' id='word_1_48' title='bbox 827 1070 994 1136; x_wconf 77' lang='lat' dir='ltr'><strong>Ciceronis</strong></span> <span class='ocrx_word' id='word_1_49' title='bbox 1015 1075 1153 1160; x_wconf 86' lang='lat' dir='ltr'><strong>scripto·</strong></span> 
     </span>
     <span class='ocr_line' id='line_1_8' title="bbox 64 1174 1152 1263; baseline 0.011 -29"><span class='ocrx_word' id='word_1_50' title='bbox 64 1194 145 1252; x_wconf 87' lang='lat' dir='ltr'><strong>rum,</strong></span> <span class='ocrx_word' id='word_1_51' title='bbox 176 1174 286 1237; x_wconf 74' lang='lat' dir='ltr'><strong>doctae</strong></span> <span class='ocrx_word' id='word_1_52' title='bbox 305 1188 383 1238; x_wconf 86' lang='lat' dir='ltr'><strong>sunt</strong></span> <span class='ocrx_word' id='word_1_53' title='bbox 416 1174 645 1263; x_wconf 79' lang='lat' dir='ltr'><strong>onolgnribus</strong></span> <span class='ocrx_word' id='word_1_54' title='bbox 668 1175 852 1253; x_wconf 86' lang='lat' dir='ltr'><strong>codicibus;</strong></span> <span class='ocrx_word' id='word_1_55' title='bbox 896 1199 943 1242; x_wconf 70' lang='lat' dir='ltr'><strong>eae</strong></span> <span class='ocrx_word' id='word_1_56' title='bbox 963 1178 1080 1243; x_wconf 93' lang='lat' dir='ltr'><strong>deinde</strong></span> <span class='ocrx_word' id='word_1_57' title='bbox 1103 1184 1152 1247; x_wconf 87' lang='lat' dir='ltr'><strong>sic</strong></span> 
     </span>
     <span class='ocr_line' id='line_1_9' title="bbox 65 1280 1151 1371; baseline 0.01 -31"><span class='ocrx_word' id='word_1_58' title='bbox 65 1281 223 1364; x_wconf 78' lang='lat' dir='ltr'><strong>repetitoe,</strong></span> <span class='ocrx_word' id='word_1_59' title='bbox 244 1291 283 1343; x_wconf 91' lang='lat' dir='ltr'><strong>ut</strong></span> <span class='ocrx_word' id='word_1_60' title='bbox 306 1280 458 1345; x_wconf 86' lang='lat' dir='ltr'><strong>nonnihil</strong></span> <span class='ocrx_word' id='word_1_61' title='bbox 479 1295 660 1347; x_wconf 72' lang='lat' dir='ltr'><strong>mutaretur</strong></span> <span class='ocrx_word' id='word_1_62' title='bbox 683 1304 729 1346; x_wconf 89' lang='lat' dir='ltr'><strong>ex</strong></span> <span class='ocrx_word' id='word_1_63' title='bbox 750 1282 827 1348; x_wconf 86' lang='lat' dir='ltr'><strong>aliis</strong></span> <span class='ocrx_word' id='word_1_64' title='bbox 850 1284 997 1348; x_wconf 84' lang='lat' dir='ltr'><strong>eiusdem</strong></span> <span class='ocrx_word' id='word_1_65' title='bbox 1019 1289 1151 1371; x_wconf 79' lang='lat' dir='ltr'><strong>generis</strong></span> 
     </span>
     <span class='ocr_line' id='line_1_10' title="bbox 62 1384 1150 1477; baseline 0.008 -30"><span class='ocrx_word' id='word_1_66' title='bbox 62 1384 239 1463; x_wconf 83' lang='lat' dir='ltr'><strong>codicibus,</strong></span> <span class='ocrx_word' id='word_1_67' title='bbox 262 1386 410 1471; x_wconf 77' lang='lat' dir='ltr'><strong>quadam</strong></span> <span class='ocrx_word' id='word_1_68' title='bbox 431 1392 629 1454; x_wconf 84' lang='lat' dir='ltr'><strong>coniectura.</strong></span> <span class='ocrx_word' id='word_1_69' title='bbox 672 1391 728 1455; x_wconf 87' lang='lat' dir='ltr'><strong>Sic</strong></span> <span class='ocrx_word' id='word_1_70' title='bbox 740 1392 924 1454; x_wconf 89' lang='lat' dir='ltr'><strong>extiterunt</strong></span> <span class='ocrx_word' id='word_1_71' title='bbox 936 1393 1150 1477; x_wconf 77' lang='lat' dir='ltr'><strong>cognationes</strong></span> 
     </span>
     <span class='ocr_line' id='line_1_11' title="bbox 63 1493 1149 1583; baseline 0.009 -30"><span class='ocrx_word' id='word_1_72' title='bbox 63 1493 204 1576; x_wconf 70' lang='lat' dir='ltr'><strong>quedam</strong></span> <span class='ocrx_word' id='word_1_73' title='bbox 231 1493 426 1572; x_wconf 86' lang='lat' dir='ltr'><strong>editionum,</strong></span> <span class='ocrx_word' id='word_1_74' title='bbox 449 1495 521 1561; x_wconf 80' lang='lat' dir='ltr'><strong>dna</strong></span> <span class='ocrx_word' id='word_1_75' title='bbox 545 1508 653 1560; x_wconf 88' lang='lat' dir='ltr'><strong>tamen</strong></span> <span class='ocrx_word' id='word_1_76' title='bbox 676 1495 846 1561; x_wconf 87' lang='lat' dir='ltr'><strong>latissurue</strong></span> <span class='ocrx_word' id='word_1_77' title='bbox 867 1509 1033 1583; x_wconf 80' lang='lat' dir='ltr'><strong>petentes3</strong></span> <span class='ocrx_word' id='word_1_78' title='bbox 1072 1520 1149 1564; x_wconf 85' lang='lat' dir='ltr'><strong>nam</strong></span> 
     </span>
     <span class='ocr_line' id='line_1_12' title="bbox 60 1598 1149 1689; baseline 0.006 -28"><span class='ocrx_word' id='word_1_79' title='bbox 60 1619 99 1660; x_wconf 83' lang='lat' dir='ltr'><strong>es</strong></span> <span class='ocrx_word' id='word_1_80' title='bbox 122 1599 272 1664; x_wconf 91' lang='lat' dir='ltr'><strong>editione</strong></span> <span class='ocrx_word' id='word_1_81' title='bbox 296 1598 488 1665; x_wconf 73' lang='lat' dir='ltr'><strong>Coloniensi</strong></span> <span class='ocrx_word' id='word_1_82' title='bbox 509 1601 673 1688; x_wconf 74' lang='lat' dir='ltr'><strong>permulta</strong></span> <span class='ocrx_word' id='word_1_83' title='bbox 695 1606 767 1689; x_wconf 87' lang='lat' dir='ltr'><strong>(por</strong></span> <span class='ocrx_word' id='word_1_84' title='bbox 790 1602 967 1682; x_wconf 81' lang='lat' dir='ltr'><strong>Aldinanr,</strong></span> <span class='ocrx_word' id='word_1_85' title='bbox 1008 1616 1045 1667; x_wconf 90' lang='lat' dir='ltr'><strong>ut</strong></span> <span class='ocrx_word' id='word_1_86' title='bbox 1068 1625 1149 1668; x_wconf 90' lang='lat' dir='ltr'><strong>mox</strong></span> 
     </span>
     <span class='ocr_line' id='line_1_13' title="bbox 60 1704 1148 1789; baseline 0.006 -21"><span class='ocrx_word' id='word_1_87' title='bbox 60 1704 175 1783; x_wconf 88' lang='lat' dir='ltr'><strong>dicam)</strong></span> <span class='ocrx_word' id='word_1_88' title='bbox 199 1706 243 1770; x_wconf 80' lang='lat' dir='ltr'><strong>ad</strong></span> <span class='ocrx_word' id='word_1_89' title='bbox 267 1704 452 1770; x_wconf 74' lang='lat' dir='ltr'><strong>Monetium</strong></span> <span class='ocrx_word' id='word_1_90' title='bbox 486 1720 519 1770; x_wconf 88' lang='lat' dir='ltr'><strong>et</strong></span> <span class='ocrx_word' id='word_1_91' title='bbox 541 1707 739 1773; x_wconf 72' lang='lat' dir='ltr'><strong>Lambinutn</strong></span> <span class='ocrx_word' id='word_1_92' title='bbox 763 1732 935 1789; x_wconf 88' lang='lat' dir='ltr'><strong>manasse,</strong></span> <span class='ocrx_word' id='word_1_93' title='bbox 979 1708 1148 1775; x_wconf 86' lang='lat' dir='ltr'><strong>declaraui</strong></span> 
     </span>
     <span class='ocr_line' id='line_1_14' title="bbox 60 1813 1149 1896; baseline 0.006 -23"><span class='ocrx_word' id='word_1_94' title='bbox 60 1813 89 1874; x_wconf 95' lang='lat' dir='ltr'><strong>in</strong></span> <span class='ocrx_word' id='word_1_95' title='bbox 110 1815 368 1896; x_wconf 68' lang='lat' dir='ltr'><strong>commentariis,</strong></span> <span class='ocrx_word' id='word_1_96' title='bbox 391 1836 464 1879; x_wconf 81' lang='lat' dir='ltr'><strong>oum</strong></span> <span class='ocrx_word' id='word_1_97' title='bbox 487 1815 637 1880; x_wconf 81' lang='lat' dir='ltr'><strong>Romano</strong></span> <span class='ocrx_word' id='word_1_98' title='bbox 660 1817 865 1881; x_wconf 83' lang='lat' dir='ltr'><strong>coniunctam</strong></span> <span class='ocrx_word' id='word_1_99' title='bbox 889 1838 963 1881; x_wconf 88' lang='lat' dir='ltr'><strong>esse</strong></span> <span class='ocrx_word' id='word_1_100' title='bbox 985 1815 1091 1880; x_wconf 89' lang='lat' dir='ltr'><strong>Marsi</strong></span> <span class='ocrx_word' id='word_1_101' title='bbox 1115 1829 1149 1880; x_wconf 88' lang='lat' dir='ltr'><strong>ot</strong></span> 
     </span>
     <span class='ocr_line' id='line_1_15' title="bbox 61 1904 1149 2007; baseline 0.003 -24"><span class='ocrx_word' id='word_1_102' title='bbox 61 1917 178 1983; x_wconf 81' lang='lat' dir='ltr'><strong>Uictori</strong></span> <span class='ocrx_word' id='word_1_103' title='bbox 201 1921 386 2000; x_wconf 76' lang='lat' dir='ltr'><strong>editiones,</strong></span> <span class='ocrx_word' id='word_1_104' title='bbox 407 1919 582 1986; x_wconf 80' lang='lat' dir='ltr'><strong>Cretandri</strong></span> <span class='ocrx_word' id='word_1_105' title='bbox 607 1904 757 2007; x_wconf 78' lang='lat' dir='ltr'><strong>quoque,</strong></span> <span class='ocrx_word' id='word_1_106' title='bbox 781 1923 843 1985; x_wconf 85' lang='lat' dir='ltr'><strong>etsi</strong></span> <span class='ocrx_word' id='word_1_107' title='bbox 865 1923 899 1985; x_wconf 93' lang='lat' dir='ltr'><strong>in</strong></span> <span class='ocrx_word' id='word_1_108' title='bbox 923 1943 963 1985; x_wconf 85' lang='lat' dir='ltr'><strong>eu</strong></span> <span class='ocrx_word' id='word_1_109' title='bbox 987 1929 1055 2002; x_wconf 89' lang='lat' dir='ltr'><strong>(et,</strong></span> <span class='ocrx_word' id='word_1_110' title='bbox 1079 1924 1149 2006; x_wconf 82' lang='lat' dir='ltr'><strong>o‘pi·</strong></span> 
     </span>
     <span class='ocr_line' id='line_1_16' title="bbox 60 2026 1149 2114; baseline 0.004 -26"><span class='ocrx_word' id='word_1_111' title='bbox 60 2047 124 2104; x_wconf 88' lang='lat' dir='ltr'><strong>nor,</strong></span> <span class='ocrx_word' id='word_1_112' title='bbox 145 2026 221 2091; x_wconf 90' lang='lat' dir='ltr'><strong>aliis</strong></span> <span class='ocrx_word' id='word_1_113' title='bbox 234 2040 270 2090; x_wconf 90' lang='lat' dir='ltr'><strong>et</strong></span> <span class='ocrx_word' id='word_1_114' title='bbox 293 2027 435 2092; x_wconf 83' lang='lat' dir='ltr'><strong>fortasse</strong></span> <span class='ocrx_word' id='word_1_115' title='bbox 448 2029 513 2093; x_wconf 90' lang='lat' dir='ltr'><strong>iam</strong></span> <span class='ocrx_word' id='word_1_116' title='bbox 527 2032 618 2108; x_wconf 88' lang='lat' dir='ltr'><strong>ante)</strong></span> <span class='ocrx_word' id='word_1_117' title='bbox 640 2030 748 2092; x_wconf 87' lang='lat' dir='ltr'><strong>mixta</strong></span> <span class='ocrx_word' id='word_1_118' title='bbox 760 2027 971 2114; x_wconf 79' lang='lat' dir='ltr'><strong>interpolatio</strong></span> <span class='ocrx_word' id='word_1_119' title='bbox 985 2039 1034 2103; x_wconf 88' lang='lat' dir='ltr'><strong>st;</strong></span> <span class='ocrx_word' id='word_1_120' title='bbox 1056 2026 1149 2092; x_wconf 90' lang='lat' dir='ltr'><strong>uelut</strong></span> 
     </span>
     <span class='ocr_line' id='line_1_17' title="bbox 57 2130 1150 2219; baseline 0.003 -24"><span class='ocrx_word' id='word_1_121' title='bbox 57 2130 88 2210; x_wconf 93' lang='lat' dir='ltr'><strong>l,</strong></span> <span class='ocrx_word' id='word_1_122' title='bbox 129 2137 171 2196; x_wconf 78' lang='lat' dir='ltr'><strong>tl</strong></span> <span class='ocrx_word' id='word_1_123' title='bbox 198 2155 218 2196; x_wconf 93' lang='lat' dir='ltr'><strong>e</strong></span> <span class='ocrx_word' id='word_1_124' title='bbox 240 2135 346 2219; x_wconf 90' lang='lat' dir='ltr'><strong>prima</strong></span> <span class='ocrx_word' id='word_1_125' title='bbox 368 2146 426 2199; x_wconf 90' lang='lat' dir='ltr'><strong>aut</strong></span> <span class='ocrx_word' id='word_1_126' title='bbox 453 2156 498 2198; x_wconf 88' lang='lat' dir='ltr'><strong>ex</strong></span> <span class='ocrx_word' id='word_1_127' title='bbox 527 2132 691 2199; x_wconf 83' lang='lat' dir='ltr'><strong>similibus</strong></span> <span class='ocrx_word' id='word_1_128' title='bbox 729 2133 896 2199; x_wconf 90' lang='lat' dir='ltr'><strong>codicibus</strong></span> <span class='ocrx_word' id='word_1_129' title='bbox 928 2133 1029 2199; x_wconf 87' lang='lat' dir='ltr'><strong>babet</strong></span> <span class='ocrx_word' id='word_1_130' title='bbox 1049 2153 1150 2219; x_wconf 70' lang='lat' dir='ltr'><strong>appe·</strong></span> 
     </span>
     <span class='ocr_line' id='line_1_18' title="bbox 55 2239 1244 2330; baseline 0.004 -30"><span class='ocrx_word' id='word_1_131' title='bbox 55 2239 147 2301; x_wconf 74' lang='lat' dir='ltr'><strong>teudo</strong></span> <span class='ocrx_word' id='word_1_132' title='bbox 170 2245 284 2303; x_wconf 71' lang='lat' dir='ltr'><strong>ennio</strong></span> <span class='ocrx_word' id='word_1_133' title='bbox 303 2244 503 2326; x_wconf 76' lang='lat' dir='ltr'><strong>petulanter.</strong></span> <span class='ocrx_word' id='word_1_134' title='bbox 548 2242 636 2306; x_wconf 83' lang='lat' dir='ltr'><strong>Raro</strong></span> <span class='ocrx_word' id='word_1_135' title='bbox 666 2242 801 2328; x_wconf 86' lang='lat' dir='ltr'><strong>adparet</strong></span> <span class='ocrx_word' id='word_1_136' title='bbox 824 2243 945 2307; x_wconf 90' lang='lat' dir='ltr'><strong>codicis</strong></span> <span class='ocrx_word' id='word_1_137' title='bbox 969 2244 1067 2306; x_wconf 86' lang='lat' dir='ltr'><strong>mixti</strong></span> <span class='ocrx_word' id='word_1_138' title='bbox 1089 2264 1147 2328; x_wconf 83' lang='lat' dir='ltr'><strong>ge·</strong></span> <span class='ocrx_word' id='word_1_139' title='bbox 1242 2326 1244 2330; x_wconf 23' lang='grc' dir='ltr'>Ι</span> 
     </span>
     <span class='ocr_line' id='line_1_19' title="bbox 55 2336 1171 2435; baseline -0.002 -21"><span class='ocrx_word' id='word_1_140' title='bbox 55 2354 138 2414; x_wconf 87' lang='lat' dir='ltr'><strong>neris</strong></span> <span class='ocrx_word' id='word_1_141' title='bbox 164 2370 267 2429; x_wconf 85' lang='lat' dir='ltr'><strong>usus,</strong></span> <span class='ocrx_word' id='word_1_142' title='bbox 289 2348 388 2435; x_wconf 88' lang='lat' dir='ltr'><strong>plano</strong></span> <span class='ocrx_word' id='word_1_143' title='bbox 409 2347 488 2413; x_wconf 92' lang='lat' dir='ltr'><strong>boni</strong></span> <span class='ocrx_word' id='word_1_144' title='bbox 509 2351 571 2411; x_wconf 86' lang='lat' dir='ltr'><strong>uix</strong></span> <span class='ocrx_word' id='word_1_145' title='bbox 601 2368 760 2434; x_wconf 85' lang='lat' dir='ltr'><strong>usquam,</strong></span> <span class='ocrx_word' id='word_1_146' title='bbox 786 2351 852 2412; x_wconf 87' lang='lat' dir='ltr'><strong>nisi</strong></span> <span class='ocrx_word' id='word_1_147' title='bbox 873 2351 908 2412; x_wconf 94' lang='lat' dir='ltr'><strong>in</strong></span> <span class='ocrx_word' id='word_1_148' title='bbox 930 2336 1171 2413; x_wconf 75' lang='lat' dir='ltr'><strong>Cratandrina</strong></span> 
     </span>
     <span class='ocr_line' id='line_1_20' title="bbox 56 2453 1148 2542; baseline -0.005 -21"><span class='ocrx_word' id='word_1_149' title='bbox 56 2459 84 2539; x_wconf 67' lang='lat' dir='ltr'><strong>(i</strong></span> <span class='ocrx_word' id='word_1_150' title='bbox 107 2463 125 2520; x_wconf 96' lang='lat'>1</span> <span class='ocrx_word' id='word_1_151' title='bbox 149 2455 204 2540; x_wconf 88' lang='lat' dir='ltr'><strong>B),</strong></span> <span class='ocrx_word' id='word_1_152' title='bbox 216 2474 277 2542; x_wconf 90' lang='lat' dir='ltr'><strong>pro</strong></span> <span class='ocrx_word' id='word_1_153' title='bbox 303 2468 393 2520; x_wconf 87' lang='lat' dir='ltr'><strong>certo</strong></span> <span class='ocrx_word' id='word_1_154' title='bbox 415 2468 556 2533; x_wconf 84' lang='lat' dir='ltr'><strong>tenetur,</strong></span> <span class='ocrx_word' id='word_1_155' title='bbox 569 2475 675 2539; x_wconf 90' lang='lat' dir='ltr'><strong>neque</strong></span> <span class='ocrx_word' id='word_1_156' title='bbox 694 2453 763 2518; x_wconf 89' lang='lat' dir='ltr'><strong>ullu</strong></span> <span class='ocrx_word' id='word_1_157' title='bbox 775 2455 876 2519; x_wconf 89' lang='lat' dir='ltr'><strong>editio</strong></span> <span class='ocrx_word' id='word_1_158' title='bbox 898 2467 1016 2540; x_wconf 81' lang='lat' dir='ltr'><strong>praeter</strong></span> <span class='ocrx_word' id='word_1_159' title='bbox 1033 2453 1148 2519; x_wconf 88' lang='lat' dir='ltr'><strong>Uicto·</strong></span> 
     </span>
    </p>

    <p class='ocr_par' dir='ltr' id='par_1_3' title="bbox 55 2558 1146 2648">
     <span class='ocr_line' id='line_1_21' title="bbox 55 2558 1146 2648; baseline -0.002 -24"><span class='ocrx_word' id='word_1_160' title='bbox 55 2565 177 2627; x_wconf 79' lang='lat' dir='ltr'><strong>rianara</strong></span> <span class='ocrx_word' id='word_1_161' title='bbox 203 2566 238 2626; x_wconf 86' lang='lat' dir='ltr'><strong>in</strong></span> <span class='ocrx_word' id='word_1_162' title='bbox 263 2561 390 2626; x_wconf 90' lang='lat' dir='ltr'><strong>duobus</strong></span> <span class='ocrx_word' id='word_1_163' title='bbox 412 2563 524 2648; x_wconf 90' lang='lat' dir='ltr'><strong>primis</strong></span> <span class='ocrx_word' id='word_1_164' title='bbox 547 2559 642 2625; x_wconf 92' lang='lat' dir='ltr'><strong>libris</strong></span> <span class='ocrx_word' id='word_1_165' title='bbox 667 2582 739 2625; x_wconf 87' lang='lat' dir='ltr'><strong>cum</strong></span> <span class='ocrx_word' id='word_1_166' title='bbox 765 2560 876 2648; x_wconf 86' lang='lat' dir='ltr'><strong>aliqua</strong></span> <span class='ocrx_word' id='word_1_167' title='bbox 897 2562 1083 2626; x_wconf 85' lang='lat' dir='ltr'><strong>constantia</strong></span> <span class='ocrx_word' id='word_1_168' title='bbox 1106 2558 1146 2622; x_wconf 87' lang='lat' dir='ltr'><strong>ad</strong></span> 
     </span>
    </p>

    <p class='ocr_par' dir='ltr' id='par_1_4' title="bbox 54 2665 1147 2753">
     <span class='ocr_line' id='line_1_22' title="bbox 54 2665 1147 2753; baseline -0.002 -21"><span class='ocrx_word' id='word_1_169' title='bbox 54 2669 214 2733; x_wconf 83' lang='lat' dir='ltr'><strong>eiusmodi</strong></span> <span class='ocrx_word' id='word_1_170' title='bbox 237 2669 383 2732; x_wconf 89' lang='lat' dir='ltr'><strong>codicem</strong></span> <span class='ocrx_word' id='word_1_171' title='bbox 397 2680 527 2732; x_wconf 80' lang='lat' dir='ltr'><strong>exacta</strong></span> <span class='ocrx_word' id='word_1_172' title='bbox 550 2679 597 2742; x_wconf 83' lang='lat' dir='ltr'><strong>st3</strong></span> <span class='ocrx_word' id='word_1_173' title='bbox 638 2667 790 2753; x_wconf 89' lang='lat' dir='ltr'><strong>quodque</strong></span> <span class='ocrx_word' id='word_1_174' title='bbox 822 2681 920 2753; x_wconf 84' lang='lat' dir='ltr'><strong>caput</strong></span> <span class='ocrx_word' id='word_1_175' title='bbox 950 2681 1019 2746; x_wconf 90' lang='lat' dir='ltr'><strong>est,</strong></span> <span class='ocrx_word' id='word_1_176' title='bbox 1054 2665 1147 2731; x_wconf 88' lang='lat' dir='ltr'><strong>nulla</strong></span> 
     </span>
    </p>

    <p class='ocr_par' dir='ltr' id='par_1_5' title="bbox 55 2773 1148 2859">
     <span class='ocr_line' id='line_1_23' title="bbox 55 2773 1148 2859; baseline -0.002 -22"><span class='ocrx_word' id='word_1_177' title='bbox 55 2774 101 2838; x_wconf 86' lang='lat' dir='ltr'><strong>bis</strong></span> <span class='ocrx_word' id='word_1_178' title='bbox 123 2773 329 2839; x_wconf 87' lang='lat' dir='ltr'><strong>editionibus</strong></span> <span class='ocrx_word' id='word_1_179' title='bbox 355 2776 515 2859; x_wconf 86' lang='lat' dir='ltr'><strong>scriptura</strong></span> <span class='ocrx_word' id='word_1_180' title='bbox 536 2775 740 2852; x_wconf 87' lang='lat' dir='ltr'><strong>continetur,</strong></span> <span class='ocrx_word' id='word_1_181' title='bbox 793 2776 887 2838; x_wconf 91' lang='lat' dir='ltr'><strong>cuius</strong></span> <span class='ocrx_word' id='word_1_182' title='bbox 909 2794 974 2837; x_wconf 90' lang='lat' dir='ltr'><strong>non</strong></span> <span class='ocrx_word' id='word_1_183' title='bbox 998 2794 1083 2836; x_wconf 91' lang='lat' dir='ltr'><strong>nunc</strong></span> <span class='ocrx_word' id='word_1_184' title='bbox 1115 2784 1148 2835; x_wconf 92' lang='lat' dir='ltr'><strong>et</strong></span> 
     </span>
    </p>

    <p class='ocr_par' dir='ltr' id='par_1_6' title="bbox 56 2877 1145 2963">
     <span class='ocr_line' id='line_1_24' title="bbox 56 2877 1145 2963; baseline -0.004 -19"><span class='ocrx_word' id='word_1_185' title='bbox 56 2885 227 2945; x_wconf 80' lang='lat' dir='ltr'><strong>certiorem</strong></span> <span class='ocrx_word' id='word_1_186' title='bbox 247 2881 476 2943; x_wconf 73' lang='lat' dir='ltr'><strong>auctoritatem</strong></span> <span class='ocrx_word' id='word_1_187' title='bbox 500 2892 533 2943; x_wconf 90' lang='lat' dir='ltr'><strong>et</strong></span> <span class='ocrx_word' id='word_1_188' title='bbox 557 2880 697 2943; x_wconf 88' lang='lat' dir='ltr'><strong>formam</strong></span> <span class='ocrx_word' id='word_1_189' title='bbox 719 2878 882 2943; x_wconf 89' lang='lat' dir='ltr'><strong>interdurn</strong></span> <span class='ocrx_word' id='word_1_190' title='bbox 904 2877 1088 2963; x_wconf 90' lang='lat' dir='ltr'><strong>pleniorem</strong></span> <span class='ocrx_word' id='word_1_191' title='bbox 1112 2878 1145 2940; x_wconf 93' lang='lat' dir='ltr'><strong>in</strong></span> 
     </span>
    </p>

    <p class='ocr_par' dir='ltr' id='par_1_7' title="bbox 57 2985 588 3066">
     <span class='ocr_line' id='line_1_25' title="bbox 57 2985 588 3066; baseline -0.004 -14"><span class='ocrx_word' id='word_1_192' title='bbox 57 2991 137 3052; x_wconf 91' lang='lat' dir='ltr'><strong>notis</strong></span> <span class='ocrx_word' id='word_1_193' title='bbox 158 2985 333 3051; x_wconf 88' lang='lat' dir='ltr'><strong>codicibus</strong></span> <span class='ocrx_word' id='word_1_194' title='bbox 349 2985 541 3050; x_wconf 84' lang='lat' dir='ltr'><strong>babeamus.</strong></span> <span class='ocrx_word' id='word_1_195' title='bbox 556 2988 588 3066; x_wconf 84' lang='grc' dir='ltr'><strong>ι&gt;</strong></span> 
     </span>
    </p>

    <p class='ocr_par' dir='ltr' id='par_1_8' title="bbox 139 3087 1146 3178">
     <span class='ocr_line' id='line_1_26' title="bbox 139 3087 1146 3178; baseline -0.003 -21"><span class='ocrx_word' id='word_1_196' title='bbox 139 3095 223 3158; x_wconf 85' lang='lat' dir='ltr'><strong>Post</strong></span> <span class='ocrx_word' id='word_1_197' title='bbox 250 3095 372 3178; x_wconf 86' lang='lat' dir='ltr'><strong>primas</strong></span> <span class='ocrx_word' id='word_1_198' title='bbox 401 3093 562 3156; x_wconf 88' lang='lat' dir='ltr'><strong>editiones</strong></span> <span class='ocrx_word' id='word_1_199' title='bbox 588 3100 851 3154; x_wconf 89' lang='lat' dir='ltr'><strong>conmemoratur</strong></span> <span class='ocrx_word' id='word_1_200' title='bbox 881 3111 956 3154; x_wconf 89' lang='lat' dir='ltr'><strong>cum</strong></span> <span class='ocrx_word' id='word_1_201' title='bbox 984 3087 1082 3153; x_wconf 85' lang='lat' dir='ltr'><strong>lauda</strong></span> <span class='ocrx_word' id='word_1_202' title='bbox 1104 3087 1146 3154; x_wconf 90' lang='lat' dir='ltr'><strong>ab</strong></span> 
     </span>
    </p>

    <p class='ocr_par' dir='ltr' id='par_1_9' title="bbox 55 3194 1147 3284">
     <span class='ocr_line' id='line_1_27' title="bbox 55 3194 1147 3284; baseline -0.006 -19"><span class='ocrx_word' id='word_1_203' title='bbox 55 3200 182 3265; x_wconf 87' lang='lat' dir='ltr'><strong>Orellio</strong></span> <span class='ocrx_word' id='word_1_204' title='bbox 209 3199 340 3265; x_wconf 85' lang='lat' dir='ltr'><strong>Ueneta</strong></span> <span class='ocrx_word' id='word_1_205' title='bbox 378 3223 409 3262; x_wconf 87' lang='lat' dir='ltr'><strong>a.</strong></span> <span class='ocrx_word' id='word_1_206' title='bbox 450 3202 534 3262; x_wconf 82' lang='lat' dir='ltr'><strong>ltso</strong></span> <span class='ocrx_word' id='word_1_207' title='bbox 558 3199 638 3284; x_wconf 86' lang='lat' dir='ltr'><strong>”per</strong></span> <span class='ocrx_word' id='word_1_208' title='bbox 670 3197 803 3261; x_wconf 86' lang='lat' dir='ltr'><strong>Petrum</strong></span> <span class='ocrx_word' id='word_1_209' title='bbox 844 3194 991 3260; x_wconf 89' lang='lat' dir='ltr'><strong>Condam</strong></span> <span class='ocrx_word' id='word_1_210' title='bbox 1026 3196 1147 3276; x_wconf 86' lang='lat' dir='ltr'><strong>Petri,’‘</strong></span> 
     </span>
    </p>

    <p class='ocr_par' dir='ltr' id='par_1_10' title="bbox 56 3303 1147 3393">
     <span class='ocr_line' id='line_1_28' title="bbox 56 3303 1147 3393; baseline -0.005 -21"><span class='ocrx_word' id='word_1_211' title='bbox 56 3331 145 3393; x_wconf 86' lang='lat' dir='ltr'><strong>qnam</strong></span> <span class='ocrx_word' id='word_1_212' title='bbox 170 3329 247 3372; x_wconf 89' lang='lat' dir='ltr'><strong>cum</strong></span> <span class='ocrx_word' id='word_1_213' title='bbox 272 3305 463 3370; x_wconf 84' lang='lat' dir='ltr'><strong>melioribus</strong></span> <span class='ocrx_word' id='word_1_214' title='bbox 488 3303 682 3390; x_wconf 85' lang='lat' dir='ltr'><strong>plerumque</strong></span> <span class='ocrx_word' id='word_1_215' title='bbox 706 3303 814 3366; x_wconf 86' lang='lat' dir='ltr'><strong>facere</strong></span> <span class='ocrx_word' id='word_1_216' title='bbox 835 3305 892 3368; x_wconf 86' lang='lat' dir='ltr'><strong>ait.</strong></span> <span class='ocrx_word' id='word_1_217' title='bbox 957 3303 1080 3370; x_wconf 88' lang='lat' dir='ltr'><strong>Uerum</strong></span> <span class='ocrx_word' id='word_1_218' title='bbox 1106 3325 1147 3367; x_wconf 87' lang='lat' dir='ltr'><strong>ea</strong></span> 
     </span>
    </p>

    <p class='ocr_par' dir='ltr' id='par_1_11' title="bbox 57 3407 1146 3497">
     <span class='ocr_line' id='line_1_29' title="bbox 57 3407 1146 3497; baseline -0.006 -18"><span class='ocrx_word' id='word_1_219' title='bbox 57 3415 144 3480; x_wconf 91' lang='lat' dir='ltr'><strong>nullo</strong></span> <span class='ocrx_word' id='word_1_220' title='bbox 165 3414 244 3479; x_wconf 88' lang='lat' dir='ltr'><strong>loco</strong></span> <span class='ocrx_word' id='word_1_221' title='bbox 269 3434 315 3477; x_wconf 88' lang='lat' dir='ltr'><strong>ex</strong></span> <span class='ocrx_word' id='word_1_222' title='bbox 336 3415 396 3491; x_wconf 92' lang='lat' dir='ltr'><strong>iis,</strong></span> <span class='ocrx_word' id='word_1_223' title='bbox 442 3413 478 3476; x_wconf 92' lang='lat' dir='ltr'><strong>in</strong></span> <span class='ocrx_word' id='word_1_224' title='bbox 500 3407 618 3497; x_wconf 88' lang='lat' dir='ltr'><strong>quibus</strong></span> <span class='ocrx_word' id='word_1_225' title='bbox 640 3409 798 3474; x_wconf 91' lang='lat' dir='ltr'><strong>diiunctio</strong></span> <span class='ocrx_word' id='word_1_226' title='bbox 822 3412 991 3497; x_wconf 88' lang='lat' dir='ltr'><strong>utriusque</strong></span> <span class='ocrx_word' id='word_1_227' title='bbox 1011 3408 1146 3496; x_wconf 81' lang='lat' dir='ltr'><strong>laruiliae</strong></span> 
     </span>
    </p>
   </div>
   <div class='ocr_carea' id='block_1_3' title="bbox 77 3704 1147 3790">
    <p class='ocr_par' dir='ltr' id='par_1_12' title="bbox 77 3704 1147 3790">
     <span class='ocr_line' id='line_1_30' title="bbox 77 3704 1147 3790; baseline -0.015 -11"><span class='ocrx_word' id='word_1_228' title='bbox 77 3724 102 3790; x_wconf 88' lang='lat'><strong>¹)</strong></span> <span class='ocrx_word' id='word_1_229' title='bbox 119 3704 212 3778; x_wconf 71' lang='lat' dir='ltr'><strong>Erant</strong></span> <span class='ocrx_word' id='word_1_230' title='bbox 231 3719 302 3775; x_wconf 83' lang='lat' dir='ltr'><strong>mibi</strong></span> <span class='ocrx_word' id='word_1_231' title='bbox 319 3719 357 3774; x_wconf 80' lang='lat' dir='ltr'><strong>ad</strong></span> <span class='ocrx_word' id='word_1_232' title='bbox 375 3713 490 3774; x_wconf 71' lang='lat' dir='ltr'><strong>mundns</strong></span> <span class='ocrx_word' id='word_1_233' title='bbox 507 3717 568 3774; x_wconf 84' lang='lat' dir='ltr'><strong>lrtec</strong></span> <span class='ocrx_word' id='word_1_234' title='bbox 583 3717 722 3774; x_wconf 83' lang='lat' dir='ltr'><strong>scribenti</strong></span> <span class='ocrx_word' id='word_1_235' title='bbox 739 3723 844 3789; x_wconf 80' lang='lat' dir='ltr'><strong>proetcr</strong></span> <span class='ocrx_word' id='word_1_236' title='bbox 866 3715 936 3771; x_wconf 70' lang='lat' dir='ltr'><strong>duas</strong></span> <span class='ocrx_word' id='word_1_237' title='bbox 955 3714 1021 3770; x_wconf 82' lang='lat' dir='ltr'><strong>illas</strong></span> <span class='ocrx_word' id='word_1_238' title='bbox 1039 3711 1147 3786; x_wconf 80' lang='lat' dir='ltr'><strong>primus</strong></span> 
     </span>
    </p>
   </div>
   <div class='ocr_carea' id='block_1_4' title="bbox 120 3804 1276 3881">
    <p class='ocr_par' dir='ltr' id='par_1_13' title="bbox 120 3804 1276 3881">
     <span class='ocr_line' id='line_1_31' title="bbox 120 3804 1276 3881; baseline -0.013 -12"><span class='ocrx_word' id='word_1_239' title='bbox 120 3816 264 3870; x_wconf 83' lang='lat' dir='ltr'><strong>editiones</strong></span> <span class='ocrx_word' id='word_1_240' title='bbox 282 3823 313 3869; x_wconf 85' lang='lat' dir='ltr'><strong>ct</strong></span> <span class='ocrx_word' id='word_1_241' title='bbox 332 3814 521 3870; x_wconf 79' lang='lat' dir='ltr'><strong>blorelianam</strong></span> <span class='ocrx_word' id='word_1_242' title='bbox 545 3811 652 3865; x_wconf 74' lang='lat' dir='ltr'><strong>Aldina</strong></span> <span class='ocrx_word' id='word_1_243' title='bbox 676 3830 700 3865; x_wconf 78' lang='lat' dir='ltr'><strong>a.</strong></span> <span class='ocrx_word' id='word_1_244' title='bbox 728 3815 797 3864; x_wconf 73' lang='lat'><strong>15²3</strong></span> <span class='ocrx_word' id='word_1_245' title='bbox 823 3808 969 3881; x_wconf 85' lang='lat' dir='ltr'><strong>(Uenetiis</strong></span> <span class='ocrx_word' id='word_1_246' title='bbox 987 3808 1018 3860; x_wconf 88' lang='lat' dir='ltr'><strong>in</strong></span> <span class='ocrx_word' id='word_1_247' title='bbox 1037 3804 1146 3859; x_wconf 79' lang='lat' dir='ltr'><strong>sedibus</strong></span> <span class='ocrx_word' id='word_1_248' title='bbox 1273 3808 1276 3812; x_wconf 72' lang='grc'>“</span> 
     </span>
    </p>
   </div>
   <div class='ocr_carea' id='block_1_5' title="bbox 82 3897 1148 4427">
    <p class='ocr_par' dir='ltr' id='par_1_14' title="bbox 118 3897 1148 4065">
     <span class='ocr_line' id='line_1_32' title="bbox 118 3897 1147 3977; baseline -0.017 -12"><span class='ocrx_word' id='word_1_249' title='bbox 118 3911 184 3965; x_wconf 81' lang='lat' dir='ltr'><strong>Aldi</strong></span> <span class='ocrx_word' id='word_1_250' title='bbox 205 3918 235 3964; x_wconf 87' lang='lat' dir='ltr'><strong>et</strong></span> <span class='ocrx_word' id='word_1_251' title='bbox 251 3910 379 3965; x_wconf 69' lang='lat' dir='ltr'><strong>Andreae</strong></span> <span class='ocrx_word' id='word_1_252' title='bbox 401 3905 531 3972; x_wconf 85' lang='lat' dir='ltr'><strong>euceri),</strong></span> <span class='ocrx_word' id='word_1_253' title='bbox 549 3921 633 3977; x_wconf 80' lang='lat' dir='ltr'><strong>quarn</strong></span> <span class='ocrx_word' id='word_1_254' title='bbox 649 3904 734 3958; x_wconf 83' lang='lat' dir='ltr'><strong>initio</strong></span> <span class='ocrx_word' id='word_1_255' title='bbox 752 3920 813 3956; x_wconf 87' lang='lat' dir='ltr'><strong>non</strong></span> <span class='ocrx_word' id='word_1_256' title='bbox 832 3901 938 3966; x_wconf 82' lang='lat' dir='ltr'><strong>habui,</strong></span> <span class='ocrx_word' id='word_1_257' title='bbox 956 3897 1147 3953; x_wconf 79' lang='lat' dir='ltr'><strong>Cratandrina</strong></span> 
     </span>
     <span class='ocr_line' id='line_1_33' title="bbox 119 3987 1148 4065; baseline -0.009 -17"><span class='ocrx_word' id='word_1_258' title='bbox 119 3994 255 4060; x_wconf 69' lang='lat' dir='ltr'><strong>(basilee</strong></span> <span class='ocrx_word' id='word_1_259' title='bbox 270 4013 370 4048; x_wconf 83' lang='lat' dir='ltr'><strong>menso</strong></span> <span class='ocrx_word' id='word_1_260' title='bbox 388 3995 495 4050; x_wconf 74' lang='lat' dir='ltr'><strong>Martio</strong></span> <span class='ocrx_word' id='word_1_261' title='bbox 515 4000 609 4065; x_wconf 71' lang='lat'><strong>1528),</strong></span> <span class='ocrx_word' id='word_1_262' title='bbox 626 3995 803 4051; x_wconf 76' lang='lat' dir='ltr'><strong>Ascensiana</strong></span> <span class='ocrx_word' id='word_1_263' title='bbox 822 3995 901 4064; x_wconf 81' lang='lat' dir='ltr'><strong>(bnt.</strong></span> <span class='ocrx_word' id='word_1_264' title='bbox 921 3991 1012 4045; x_wconf 79' lang='lat' dir='ltr'><strong>Paris.</strong></span> <span class='ocrx_word' id='word_1_265' title='bbox 1031 4010 1055 4043; x_wconf 72' lang='lat' dir='ltr'><strong>a</strong></span> <span class='ocrx_word' id='word_1_266' title='bbox 1075 3988 1101 4042; x_wconf 85' lang='lat' dir='ltr'><strong>d</strong></span> <span class='ocrx_word' id='word_1_267' title='bbox 1120 3987 1148 4039; x_wconf 88' lang='lat' dir='ltr'>V</span> 
     </span>
    </p>

    <p class='ocr_par' dir='ltr' id='par_1_15' title="bbox 82 4079 1148 4427">
     <span class='ocr_line' id='line_1_34' title="bbox 82 4079 1148 4161; baseline -0.011 -18"><span class='ocrx_word' id='word_1_268' title='bbox 82 4120 87 4133; x_wconf 86' lang='lat'><strong>·</strong></span> <span class='ocrx_word' id='word_1_269' title='bbox 120 4086 178 4142; x_wconf 79' lang='lat' dir='ltr'><strong>Cel</strong></span> <span class='ocrx_word' id='word_1_270' title='bbox 195 4088 356 4143; x_wconf 83' lang='lat' dir='ltr'><strong>Nouembr.</strong></span> <span class='ocrx_word' id='word_1_271' title='bbox 377 4091 479 4158; x_wconf 73' lang='lat'><strong>1528),</strong></span> <span class='ocrx_word' id='word_1_272' title='bbox 498 4088 532 4143; x_wconf 83' lang='lat' dir='ltr'><strong>lt.</strong></span> <span class='ocrx_word' id='word_1_273' title='bbox 552 4088 690 4161; x_wconf 76' lang='lat' dir='ltr'><strong>Stephani</strong></span> <span class='ocrx_word' id='word_1_274' title='bbox 710 4087 794 4157; x_wconf 89' lang='lat' dir='ltr'><strong>(ibid.</strong></span> <span class='ocrx_word' id='word_1_275' title='bbox 814 4092 916 4155; x_wconf 76' lang='lat'><strong>1538),</strong></span> <span class='ocrx_word' id='word_1_276' title='bbox 955 4083 987 4137; x_wconf 91' lang='lat' dir='ltr'><strong>C.</strong></span> <span class='ocrx_word' id='word_1_277' title='bbox 1007 4079 1148 4155; x_wconf 84' lang='lat' dir='ltr'><strong>Stcpbani</strong></span> 
     </span>
     <span class='ocr_line' id='line_1_35' title="bbox 121 4165 1148 4252; baseline -0.014 -15"><span class='ocrx_word' id='word_1_278' title='bbox 121 4182 201 4252; x_wconf 75' lang='lat' dir='ltr'><strong>(utu</strong></span> <span class='ocrx_word' id='word_1_279' title='bbox 223 4184 328 4252; x_wconf 78' lang='lat'><strong>1⁵54),</strong></span> <span class='ocrx_word' id='word_1_280' title='bbox 346 4165 531 4235; x_wconf 65' lang='lat' dir='ltr'><strong>&#39;nauum</strong></span> <span class='ocrx_word' id='word_1_281' title='bbox 549 4200 575 4238; x_wconf 66' lang='grc' dir='ltr'><strong>ι.</strong></span> <span class='ocrx_word' id='word_1_282' title='bbox 594 4185 663 4235; x_wconf 73' lang='lat' dir='ltr'><strong>roso</strong></span> <span class='ocrx_word' id='word_1_283' title='bbox 681 4181 829 4249; x_wconf 66' lang='lat' dir='ltr'><strong>(umes),</strong></span> <span class='ocrx_word' id='word_1_284' title='bbox 854 4176 1040 4233; x_wconf 65' lang='lat' dir='ltr'><strong>uminum</strong></span> <span class='ocrx_word' id='word_1_285' title='bbox 1056 4173 1148 4246; x_wconf 68' lang='lat' dir='ltr'><strong>prima</strong></span> 
     </span>
     <span class='ocr_line' id='line_1_36' title="bbox 121 4266 1147 4352; baseline -0.018 -19"><span class='ocrx_word' id='word_1_286' title='bbox 121 4278 214 4348; x_wconf 75' lang='grc'>(1665)</span> <span class='ocrx_word' id='word_1_287' title='bbox 234 4284 265 4334; x_wconf 82' lang='lat' dir='ltr'><strong>cl</strong></span> <span class='ocrx_word' id='word_1_288' title='bbox 285 4274 410 4352; x_wconf 80' lang='lat' dir='ltr'><strong>repetita</strong></span> <span class='ocrx_word' id='word_1_289' title='bbox 429 4276 534 4344; x_wconf 70' lang='lat'>(1577).</span> <span class='ocrx_word' id='word_1_290' title='bbox 575 4273 619 4327; x_wconf 79' lang='lat' dir='ltr'><strong>Dc</strong></span> <span class='ocrx_word' id='word_1_291' title='bbox 646 4273 813 4328; x_wconf 77' lang='lat' dir='ltr'><strong>Uictor-iana</strong></span> <span class='ocrx_word' id='word_1_292' title='bbox 838 4271 947 4327; x_wconf 84' lang='lat' dir='ltr'><strong>credidi</strong></span> <span class='ocrx_word' id='word_1_293' title='bbox 967 4266 1060 4323; x_wconf 83' lang='lat' dir='ltr'><strong>Orelli</strong></span> <span class='ocrx_word' id='word_1_294' title='bbox 1080 4282 1147 4317; x_wconf 87' lang='lat' dir='ltr'><strong>con-</strong></span> 
     </span>
     <span class='ocr_line' id='line_1_37' title="bbox 120 4367 224 4427; baseline 0.048 -8"><span class='ocrx_word' id='word_1_295' title='bbox 120 4367 224 4427; x_wconf 75' lang='lat' dir='ltr'><strong>lationi.</strong></span> 
     </span>
    </p>
   </div>
   <div class='ocr_carea' id='block_1_6' title="bbox 0 0 1370 5016">
    <p class='ocr_par' dir='ltr' id='par_1_16' title="bbox 0 0 1370 5016">
     <span class='ocr_line' id='line_1_38' title="bbox 0 0 1370 5016; baseline 0 0"><span class='ocrx_word' id='word_1_296' title='bbox 0 0 1370 5016; x_wconf 95' lang='lat' dir='ltr'><strong> </strong></span> 
     </span>
    </p>
   </div>
  </div>
 </body>
</html>
