2706 5018
351 334 411 403 ET
434 334 544 403 Mne.
568 332 651 401 ΗΒ.
674 336 706 399 V
730 334 826 400 cm».
848 339 899 399 22.
1066 394 1071 401 .
1107 343 1171 403 727

95 531 193 618 probet
216 544 314 618 etque
338 529 468 608 laudet,
505 550 569 615 que
593 550 658 593 uon
684 530 779 593 niodo
803 528 930 591 utilitas
955 529 1045 593 nulia
1070 552 1169 615 quoe-

95 639 178 715 ritor,
199 638 256 701 sed
282 651 394 703 eoutrn
417 636 592 702 utilitatem
618 637 716 699 etiam
742 649 954 698 eooserrmtur
978 634 1070 699 lidos.
1114 640 1166 699 ot.

96 737 214 805 felibus
238 742 403 829 exemplis
425 765 488 807 noo
512 739 609 807 fietne
629 741 737 805 solum
759 740 904 818 fribulae,
929 763 1041 804 oerum
1067 744 1165 805 etiem

96 848 233 912 'nistorioe
254 848 394 913 refertae
416 861 504 923 suot,
528 860 560 911 et
580 849 710 933 quidem
730 870 886 911 maxume
913 861 1053 911 riostrne.
1098 847 1168 911 Nos

96 955 163 1019 snitu
187 953 227 1017 od
251 975 345 1018 suoru
367 953 466 1019 Idaeo
494 954 685 1038 accipienda
715 969 883 1042 optuomm
910 955 1015 1016 uirum
1041 950 1166 1036 delegi-

130 1146 162 1192 fi.
176 1146 275 1192 Tettio·
289 1167 317 1179 -
332 1147 437 1201 referte)
450 1147 512 1192 Non·
528 1158 550 1202 p.
571 1146 612 1190 ³⁰9
629 1146 683 1199 (esd
698 1148 782 1195 etiarn)

97 1310 147 1373 ,4,
163 1309 190 1375 ⁵,
207 1309 275 1365 Pur.
293 1311 321 1376 1,
340 1310 367 1376 8,
383 1311 414 1365 c.
434 1310 465 1364 0.
491 1310 523 1364 c.
542 1311 625 1381 Eup,
645 1309 746 1364 (irioni
764 1320 864 1382 preter
883 1310 949 1376 tris)
969 1317 997 1364 et
1016 1309 1079 1363 edd.
1096 1315 1166 1362 uett.

97 1403 106 1449 t
122 1402 281 1468 prendouer
312 1403 341 1456 in
360 1404 456 1456 codiee
474 1405 497 1457 1.
516 1402 563 1456 Fr.
585 1402 713 1456 Gronoui
733 1410 761 1457 et
779 1405 870 1457 tribus
889 1402 1010 1472 optumis
1029 1402 1082 1454 Gzi
1103 1406 1166 1453 eret

97 1494 260 1565 fproondone
279 1492 322 1560 (io
337 1495 398 1546 Eri.
419 1494 476 1547 moi
494 1498 648 1550 confuteris
669 1499 761 1552 eciem
783 1495 921 1548 fefellisse
948 1494 1060 1546 uidetur
1077 1511 1095 1543 n
1115 1510 1166 1562 pro

112 1583 269 1654 seriptum),
293 1586 366 1654 quod
385 1586 457 1639 nihii
477 1594 520 1640 est
540 1588 593 1641 nini
614 1588 716 1658 ipsum,
736 1590 809 1657 quod
830 1586 960 1641 Derrisins
980 1582 1090 1638 restitui
1109 1584 1166 1637 ius·

97 1671 132 1739 o,
147 1678 320 1751 ecquandone
337 1677 379 1731 eie
396 1678 543 1748 seriptum,
562 1687 594 1734 ut
614 1681 641 1733 in
661 1681 803 1735 eodieibos
824 1679 970 1748 plerisque
988 1674 1073 1729 scribi
1084 1678 1166 1729 rofei.

97 1764 176 1822 ionem
195 1769 335 1823 rariorem
352 1777 455 1841 preter
472 1774 565 1826 Ueiiei
584 1775 680 1828 focum
699 1790 831 1828 merome
846 1767 975 1841 Properti
990 1785 1086 1820 stereus
1101 1770 1165 1819 tue-

97 1871 133 1922 er,
149 1859 335 1932 similiterque
350 1880 384 1915 ne
402 1879 435 1915 er
455 1863 611 1919 rennuenti
628 1866 741 1920 additur
760 1865 787 1917 in
799 1872 925 1917 utrumne
944 1867 971 1914 et
986 1877 1065 1912 enne.
1098 1858 1165 1909 inde

115 1950 232 2006 Ueseuo
253 1955 392 2008 edebatur
410 1959 572 2024 quandove,
591 1958 694 2011 omisso
714 1966 758 2023 et,
775 1958 857 2010 nulio
876 1953 1034 2014 oentontfo3
1072 1967 1163 2019 neque

98 2040 149 2095 sin
163 2045 258 2098 Pisoni
276 2045 346 2099 satis
372 2054 434 2099 eret
460 2049 583 2101 sitorum
603 2066 618 2100 e
636 2050 764 2113 duobus,
804 2055 853 2102 out
878 2063 951 2116 sepe
976 2045 1031 2097 hoe
1048 2042 1095 2112 ogi
1114 2048 1165 2095 eet

99 2144 140 2185 Ιιι
156 2152 286 2190 merismu
304 2137 502 2194 admirntione.
540 2142 615 2193 nom
635 2142 753 2194 dubium
774 2139 864 2194 uideri
887 2138 990 2209 poerit,
1009 2142 1105 2188 utrum
1124 2133 1165 2186 sie

98 2224 160 2279 teris
177 2227 339 2299 interpungi
367 2231 504 2283 debeeoft
534 2235 657 2306 quotiens
684 2235 735 2286 froc
762 2233 879 2300 agitor!
917 2228 1092 2297 ecquandone
1111 2224 1167 2276 niti

98 2314 147 2374 dn.
165 2319 322 2373 marronis?
359 2338 413 2386 nn,
432 2329 463 2374 ut
482 2340 534 2392 ego
557 2342 621 2376 rum
641 2324 742 2378 ceteris
761 2323 867 2393 scripsi.
902 2322 974 2376 Nem
995 2325 1056 2389 post
1075 2318 1163 2370 iilud:

98 2420 151 2468 mn
172 2418 262 2464 notens
297 2412 378 2465 etiarn
412 2413 465 2468 dre.
504 2422 669 2484 expertetur
694 2415 859 2469 huiusmodi
884 2410 1027 2466 sententie
1054 2408 1163 2461 exitus:

98 2507 178 2567 [sonte
195 2503 393 2557 admirationes
421 2506 540 2558 recitari
563 2508 671 2559 soient!
708 2507 737 2561 Si
765 2507 854 2577 igitur
881 2505 1004 2574 priorem
1023 2499 1164 2554 tutionem

98 2592 229 2658 terimur,
254 2595 320 2649 Piso
338 2598 497 2651 orationem
517 2597 665 2649 interiectu
686 2602 772 2665 poi-te
789 2597 941 2649 uerborum
961 2594 1162 2659 interruptum,

98 2692 136 2743 ιΙι
151 2686 226 2738 ruffo
246 2687 359 2742 uinculo
379 2707 441 2742 rum
469 2689 583 2741 reiieuis
608 2688 836 2758 coniunguntur,
872 2704 928 2739 non
949 2685 1047 2736 endem
1069 2682 1163 2733 forme

98 2766 209 2842 heleis,
245 2780 293 2830 sed
315 2778 455 2850 primum,
484 2799 539 2833 non
561 2781 648 2832 semei
670 2782 815 2834 etiterum
835 2781 889 2833 hot·
910 2775 972 2829 fieri
990 2773 1163 2845 significum,

98 2864 226 2923 resuere
252 2872 376 2939 quotiens
394 2872 445 2925 ftoe
463 2873 580 2940 regitur!
597 2871 699 2924 deinde
716 2871 804 2932 nteit,
824 2883 916 2923 touton
937 2883 1091 2936 numquam
1111 2863 1163 2917 uisi

99 2961 206 3014 mensis
226 2962 462 3016 admirationibus
489 2964 547 3034 ogi.
584 2965 614 3017 fn
634 2966 727 3018 nitere
745 2980 856 3034 quoquo
881 2960 992 3014 rationo
1010 2965 1076 3012 note
1094 2973 1160 3023 quo-

99 3042 145 3103 flnr
166 3052 293 3108 subsistit
319 3054 448 3107 nonnihit
476 3056 566 3109 oratio
595 3073 646 3108 nee
671 3057 848 3126 superiorem
875 3055 997 3105 formum
1016 3049 1161 3119 eequitorr

99 3151 161 3209 tique
177 3145 251 3200 enim
270 3150 338 3216 opto
355 3148 513 3200 coherente
532 3166 611 3216 quom
632 3149 720 3200 eritne
740 3150 833 3213 datur,
853 3147 977 3220 quotiens
991 3143 1043 3195 fiee
1055 3142 1161 3209 egitur,

99 3226 201 3290 itutores
220 3239 308 3308 fiunt.
364 3241 454 3292 Recte
483 3245 577 3294 tomen
600 3243 628 3294 io
647 3241 702 3293 lum
720 3237 830 3292 ratione
848 3255 862 3289 e
881 3235 1020 3289 sententie
1038 3230 1160 3303 reietiuo

99 3331 240 3384 metente
259 3331 396 3405 (quotient
413 3333 523 3400 egitur)
542 3333 658 3386 nuditer
677 3333 796 3385 uerbum
810 3330 884 3380 idern
901 3328 928 3379 in
948 3325 1088 3379 sententie
1103 3322 1161 3392 pri-

99 3416 175 3486 mis,
193 3424 268 3493 quod
288 3423 322 3476 ot
340 3423 427 3476 etiem
448 3425 533 3479 Tune.
552 3424 583 3487 1,
602 3422 653 3476 ter
673 3424 727 3488 Qui
744 3423 885 3474 discedere
904 3421 1022 3471 orimum
1040 3424 1160 3479 seirent,

99 3502 128 3560 iii
143 3516 231 3567 ttotisn
248 3515 393 3582 dissupari
402 3551 412 3576 ,
431 3517 483 3567 olii
500 3516 547 3566 die
563 3533 743 3583 permonere,
761 3515 814 3567 eiii
831 3531 935 3582 semper
956 3512 1113 3577 (censent),
1134 3516 1162 3559 ot

99 3593 150 3656 itti.
165 3607 217 3660 ter
255 3606 328 3658 Nom
346 3608 481 3675 quoniam,
501 3606 633 3681 quidquid
652 3615 701 3672 eet,
721 3608 794 3681 qood
813 3606 840 3658 in
861 3605 1050 3659 controuersia
1068 3607 1118 3652 oet
1134 3601 1160 3650 in

100 3699 238 3753 nterim
255 3706 399 3763 recreetur,
419 3700 447 3751 in
466 3718 496 3751 eo
516 3707 583 3760 eret,
604 3700 684 3764 sitne,
704 3706 764 3760 orit,
784 3700 850 3767 pete
871 3701 918 3760 eit,
937 3703 995 3758 out,
1014 3695 1095 3763 quote
1114 3692 1160 3752 eit,

100 3789 210 3852 witer,
228 3791 310 3852 sitne,
332 3792 421 3859 signio
440 3788 613 3862 (proteritur),
630 3793 696 3860 qnid
715 3792 761 3855 eit,
779 3790 996 3856 definitionibus,
1015 3786 1096 3860 quale
1114 3785 1160 3843 rit,

100 3878 288 3956 'tifproor'rpoe
303 3884 440 3951 partibor.
496 3884 599 3937 Petilio
626 3890 689 3954 post
715 3884 780 3957 puio
799 3883 884 3935 Gzius
904 3899 936 3933 ox
957 3879 1018 3931 liri.
1039 3882 1067 3928 et
1085 3872 1159 3944 Spir.

100 3973 228 4043 lenibus
247 3981 340 4028 temen
362 3981 433 4039 eret,
453 3981 484 4028 ut
503 3993 575 4027 mmo
594 3976 725 4044 odpnret,
745 3974 825 4047 (μῦς
845 3969 930 4026 reteri
949 3968 1073 4045 quinon.

137 4064 178 4120 df.
218 4064 277 4118 Noe
296 4067 366 4119 enim
383 4067 421 4119 od
439 4084 521 4119 suero
540 4066 609 4132 dre.)
645 4065 744 4119 Primo
763 4065 894 4134 exempta
913 4081 968 4115 nou
992 4060 1161 4115 commodin-

100 4158 275 4212 uedeleotn
295 4159 430 4212 uidentur
439 4177 449 4219 ,-
486 4174 552 4211 num
570 4163 684 4212 senatus
710 4174 796 4227 quom
824 4157 942 4210 oroeuio
963 4157 1162 4222 obtemperem

100 4247 214 4311 Ηιιιιιιι
235 4249 330 4305 uirum
348 4251 489 4321 defigeret
506 4252 547 4319 (e.
567 4249 637 4316 eut,
663 4250 695 4305 Ρ.
717 4247 883 4303 Cornelium
902 4247 1062 4319 Scipionem
1079 4241 1160 4298 Nesi—
1257 4278 1264 4287 .

101 4346 153 4408 Ψ),
167 4341 196 4397 in
215 4359 272 4414 que
299 4358 330 4397 re
349 4340 465 4398 otiiitoti
486 4359 542 4399 rue
559 4341 737 4400 honestotem
756 4338 948 4412 preposuerit,
968 4346 1017 4392 eut
1036 4340 1081 4405 pie
1101 4350 1161 4386 sne·
