2706 5018
450 366 686 437 EXCURSUS
712 370 770 435 lv.
1095 379 1159 441 etl

55 565 95 621 eb
113 561 255 618 Autieclm
280 571 444 634 acceperet,
479 564 580 620 ilenti
602 567 710 627 uellet,
737 572 768 620 ut
787 564 941 636 Epicurum
967 567 1160 626 inconrtnntin

54 674 206 741 erg-eret,
224 667 297 738 quod
308 667 345 721 nb
357 683 391 721 ee
402 667 482 722 illiue
500 640 605 734 torino,
623 685 708 739 quem
726 669 877 740 poenitent,
888 686 944 724 non
961 672 997 724 nd
1018 689 1093 739 eum,
1111 675 1161 743 qui

56 773 86 826 ei
97 770 294 841 rupondent,
302 771 386 824 linem
398 771 580 842 peruenirret,
599 782 708 827 ceteror
717 779 817 827 contru
835 770 1081 844 philoroplrorribi
1093 795 1160 832 con·

55 879 138 932 rtnre
151 876 284 941 doceret,
321 874 475 945 inprudens
498 894 551 946 pro
577 876 630 931 ille
656 876 783 931 uniurrni
810 876 934 931 hominio
959 880 1160 936 conutitulione

55 980 224 1035 Stoicorum
250 986 404 1050 unguntum
417 980 574 1051 primorum
594 987 700 1034 nature
713 980 857 1034 notionem
876 989 905 1035 et
915 984 1159 1038 enumerationem

56 1084 215 1149 nbetituit,
233 1101 289 1154 qno
307 1084 462 1150 iuotumnt,
479 1084 550 1139 utin
569 1083 799 1155 inexplicabilem
817 1085 1034 1156 peruersitetem
1052 1087 1159 1142 incide·

58 1193 114 1242 ret.
165 1188 239 1242 Num
264 1194 413 1257 portquem
437 1187 509 1242 dixit
526 1188 675 1243 Polemoni
696 1198 725 1244 et
743 1189 890 1244 Arirtoleli
907 1189 1001 1259 prime
1019 1188 1082 1244 uine
1100 1207 1160 1245 erre

56 1291 196 1352 sondro,
223 1308 336 1353 renem,
355 1292 451 1360 ingeni
467 1297 585 1354 erotem,
606 1293 793 1362 integritatem
811 1293 946 1362 corporir,
966 1294 1159 1358 ualetudinem,

57 1395 234 1449 lrincnntm
245 1411 306 1448 erre
324 1395 366 1450 nit
383 1402 513 1449 ueterum
531 1397 710 1462 sententium,
730 1398 856 1451 ntllnem
872 1398 1013 1452 bonorum
1023 1397 1160 1463 dicerent,

57 1498 212 1553 “cundum
230 1506 362 1553 notorem
382 1498 498 1564 uiuere,
536 1498 565 1552 id
584 1506 635 1566 ert,
656 1498 762 1555 uirtute
781 1499 929 1565 redhibito,
949 1501 1007 1555 trui
1025 1500 1123 1573 primlr
1141 1518 1160 1557 e

58 1602 254 1656 nnturedotir.
283 1604 424 1657 Ettemen
443 1602 508 1673 quid
526 1606 573 1657 uel
591 1602 773 1659 mediocriter
793 1604 958 1658 attendenti
971 1604 1096 1676 opertior
1107 1607 1160 1667 ert,

60 1723 146 1777 qnnm
155 1707 227 1759 illud
240 1709 524 1760 reeundtrnrnoturorn
541 1706 711 1781 einereponi
719 1707 853 1779 potuitne,
871 1707 994 1763 rineilln
1006 1708 1162 1780 rinelonge

60 1809 119 1865 elin
136 1811 231 1881 prime
248 1808 389 1876 iecircent,
407 1811 467 1866 eiur
483 1815 590 1877 enum,
607 1813 682 1883 quod
701 1811 730 1866 in
749 1811 918 1882 explicando
935 1814 991 1867 bec
1007 1812 1078 1875 uite,
1099 1829 1161 1882 qun

61 1918 170 1970 nelurn
187 1914 350 1980 conueniet,
366 1932 508 1968 rumetum
526 1923 563 1978 rt,
582 1916 709 1969 adbibita
724 1917 848 1977 uirtute,
866 1915 896 1970 in
915 1915 973 1970 illir
999 1915 1098 1988 primic
1124 1930 1162 1970 ne

61 2019 218 2074 mineum
232 2019 345 2089 quidem
363 2036 424 2072 erre
440 2017 686 2090 significationem.
720 2025 820 2089 ltnque
839 2016 938 2073 cicero
956 2019 1001 2073 hir
1017 2019 1162 2074 ueteribur

61 2121 90 2178 in
118 2124 219 2178 endem
249 2122 411 2178 constantie
437 2123 524 2177 lende
549 2122 681 2192 ndiuogit
708 2121 919 2193 Calliphontem
947 2127 976 2177 et
996 2121 1164 2188 Diodorum,

60 2244 130 2298 quor
150 2226 250 2281 endem
271 2227 364 2298 prime
382 2226 516 2281 hebuirre
534 2224 696 2297 rignidcnre
713 2224 844 2292 uidetur-3
863 2232 940 2281 certe
958 2221 1018 2278 elie
1035 2241 1090 2278 non
1108 2240 1161 2279 no·

63 2330 172 2397 ninntr
191 2337 221 2384 et
238 2338 333 2386 tomen
353 2330 381 2384 in
399 2332 457 2384 flue
471 2332 611 2383 bonorum
628 2330 799 2400 dirorepent.
831 2330 874 2383 lle
893 2327 1030 2399 Arietippi
1049 2327 1161 2382 otilin-

61 2431 175 2507 ronymi
194 2442 224 2489 et
242 2435 402 2490 Stoicorum
421 2434 521 2505 primic
538 2431 702 2487 Ciceronem
721 2432 830 2503 aliquid
846 2432 948 2486 diriore
966 2428 1068 2492 uideri,
1086 2431 1162 2501 quod

61 2538 214 2610 exciderit,
238 2539 267 2593 iu
292 2538 477 2593 ednotetione
495 2536 627 2608 erpetui,
668 2537 717 2590 red
734 2535 797 2590 niue
814 2535 884 2590 dirit
900 2533 1007 2604 eliquid
1024 2534 1086 2588 rino
1105 2551 1161 2588 non

61 2645 143 2711 dixit,
162 2660 224 2714 qun
240 2642 268 2696 ei
286 2641 530 2697 inter-Stoicorum
548 2638 641 2710 prime
652 2647 681 2694 et
694 2656 836 2693 nummum
855 2640 962 2694 bonum
980 2639 1010 2690 in
1029 2652 1085 2690 une
1103 2636 1163 2689 ulr-

60 2754 123 2803 tute
139 2746 262 2818 peritum
282 2745 355 2801 retio
374 2745 550 2800 intercedere
568 2742 692 2805 uicerit,
708 2742 828 2797 difficile
845 2748 871 2796 rt
888 2738 1033 2811 rurpiceri.
1069 2740 1163 2811 Atque

60 2852 139 2906 hero
161 2853 272 2905 tentem
288 2849 484 2905 centurionem
503 2846 633 2901 ciceroni
651 2845 787 2900 eccidiere
798 2862 831 2899 eo
849 2844 1109 2914 mugirmirondum
1127 2852 1165 2911 rt,

60 2956 140 3028 qnod
167 2954 197 3009 in
221 2954 284 3026 ipre
308 2953 462 3009 cernendi·
488 2951 627 3005 diuirione
652 2949 857 3005 nocentiorem
884 2949 919 3002 tle
938 2964 1049 3002 nummo
1076 2941 1172 3014 bono‚'

61 3078 120 3134 qun
147 3061 213 3132 pori
235 3057 406 3114 Antiochum
433 3055 542 3120 utitur,
570 3053 686 3124 eliquotl
705 3056 801 3108 tomen
821 3052 953 3106 relictum
975 3059 1037 3106 eret
1057 3053 1161 3106 borum

63 3164 214 3221 notionum
234 3163 395 3217 direrinren.

136 3267 299 3323 cernendee
318 3265 404 3330 enirn,
423 3265 471 3335 qni
489 3280 507 3318 e
526 3260 662 3316 lliccrone
675 3266 792 3331 propter
810 3256 958 3330 egregium
979 3258 1008 3310 in
1033 3254 1163 3311 diolecti·

65 3373 106 3428 rin
130 3369 363 3426 exercitationem
392 3370 464 3437 (ΙΙΙ,
488 3367 709 3434 rotomorum,
744 3380 844 3434 rerpee
862 3369 958 3416 eutem
975 3360 1045 3414 ontio
1062 3357 1166 3414 hebuit

66 3475 207 3531 acuminir
223 3475 259 3528 etl
272 3474 434 3529 Stoicorum
453 3472 488 3524 de
502 3467 664 3542 cognitione
683 3484 779 3521 rerum
797 3465 955 3522 doctricem
974 3481 1077 3536 perum
1096 3463 1165 3516 rub·

65 3580 147 3635 tilem
164 3577 376 3642 ceuillendom,
394 3582 520 3630 ceterum
537 3590 628 3644 neque
647 3570 757 3626 orienti
777 3570 871 3625 rtudio
890 3570 926 3622 nd
946 3569 1098 3623 ucritetem
1118 3583 1166 3620 ox·

68 3684 237 3755 quireodnm
256 3680 440 3752 repiebatur,
458 3685 487 3733 et
503 3696 522 3733 o
540 3677 638 3732 sconti
656 3674 804 3729 notionum
821 3672 1082 3741 contentionumque
1100 3685 1167 3740 pro·

69 3785 198 3860 prietntir
212 3783 411 3856 perepiciondn
428 3799 497 3837 curn
512 3783 574 3835 tem
594 3779 780 3838 abhorrebat,
798 3783 830 3829 ut
847 3782 876 3829 et
889 3774 949 3843 ipro
964 3772 1109 3826 rhetorico
1126 3773 1168 3822 le·

69 3891 161 3947 uitnte
180 3897 209 3943 et
225 3890 291 3942 luru
302 3905 332 3941 re
345 3887 466 3942 ioctoret
487 3891 515 3939 et
533 3885 624 3938 multo
640 3887 702 3952 port
720 3879 871 3942 Antiocho,
889 3875 937 3947 qui
959 3875 995 3927 nb
1014 3873 1073 3926 eius
1090 3874 1169 3924 recto

69 3993 200 4058 dercinit,
220 4001 318 4047 temen
334 3988 552 4060 Poripoteticor‚
568 3982 761 4049 Audemicon
781 3981 891 4036 Stoico·
906 3977 934 4032 in
951 3994 1036 4031 unum
1055 3977 1170 4043 turbem

71 4095 210 4156 coiciendi
230 4093 307 4150 niem
326 4096 499 4148 monrtreret
517 4091 584 4159 (ΠΙ,
603 4088 671 4154 tl),
691 4086 743 4139 hie
759 4086 847 4155 igitur
865 4082 986 4136 inrtituit
1004 4079 1172 4134 diuenticn·

69 4203 142 4260 tium
163 4200 401 4272 philoroplrorum
420 4197 455 4250 tle
473 4211 584 4250 nummo
603 4194 678 4246 bono
696 4185 852 4244 eontentio·
879 4184 920 4241 ite
947 4183 1093 4245 diuidere,
1130 4188 1172 4243 nt,

71 4312 142 4378 quot
160 4321 221 4358 eree
240 4302 354 4358 omnino
373 4306 495 4373 portent,
514 4300 675 4368 ndpnreret.
711 4295 782 4347 Eum
801 4289 977 4353 diuirionem‚
996 4303 1055 4355 qno
1074 4282 1172 4336 Antio-

71 4410 126 4466 cho
142 4407 270 4480 probate
288 4407 369 4467 eret,
392 4403 490 4460 cicero
510 4401 625 4474 exponit
644 4401 674 4454 in
694 4397 780 4451 huiur
799 4393 892 4467 operio
913 4391 987 4446 libro
1003 4390 1044 4452 V,
1063 4386 1098 4442 10
1113 4401 1172 4456 rqq.

929 4499 975 4554 ω.
