2706 5018
528 340 765 410 EXCURSUS
788 342 830 406 ΙΙ.
1161 350 1225 411 als

127 540 232 595 Tacito
261 540 297 592 ad
331 539 453 610 speciem
481 513 633 610 grauitatis
668 538 790 593 orationi
817 553 849 590 er
877 536 1048 606 antiquitate
1071 539 1224 595 uerborum

126 642 350 699 conciliandam.
406 645 504 713 Itaque
531 662 617 714 quom
648 643 706 697 hee
723 642 818 696 animo
846 641 1100 711 conprehenderit,
1138 644 1224 698 iseils

126 750 279 811 coacedet,
298 747 482 801 librariorum
504 764 601 800 errore
631 754 721 800 totum
741 746 812 798 iilud
833 745 1003 800 uocobuium
1031 752 1125 800 ortum
1153 764 1223 803 esse.

127 853 185 906 Sed
205 851 320 920 singnis
338 850 437 904 ordine
471 867 673 921 persequamur
701 850 815 903 uberius
836 855 864 901 et
889 845 1097 903 confirmemus.
1157 853 1222 907 Pri·

127 974 228 1019 mm,
248 955 320 1024 quod
341 954 398 1007 dixi
415 955 449 1007 de
469 953 597 1007 codicum
615 954 741 1008 dissensu
760 950 787 1006 in
807 952 842 1006 iis
861 952 946 1017 ioris,
967 951 1016 1005 obi
1033 952 1160 1008 omnium
1181 956 1224 1011 iu-

128 1057 204 1113 dicio
215 1065 322 1111 eertsm
342 1059 437 1110 sedem
452 1059 542 1112 habet
562 1060 720 1123 discidium,
735 1057 762 1111 id
784 1064 835 1120 est,
853 1056 1007 1126 reparatio,
1024 1057 1053 1110 id
1063 1057 1224 1114 huiusmodi

127 1170 172 1218 sis
208 1163 289 1232 Apud
311 1162 476 1216 Ciceronem
494 1162 523 1216 ia
542 1162 668 1232 Philipp.
694 1163 739 1227 ΙΙ,
780 1161 815 1215 45
840 1159 1018 1226 (desiderium
1044 1163 1088 1214 ini
1109 1164 1224 1234 discidi)

129 1273 243 1321 rectum
262 1284 277 1319 e
295 1265 394 1319 codiee
412 1265 550 1319 Uaticano
569 1267 730 1321 restitutum
751 1267 795 1330 sis
831 1271 943 1318 ueteres
966 1264 1102 1320 editiones
1127 1284 1142 1319 s
1161 1269 1224 1322 uoi-

129 1371 251 1443 gsribas
268 1368 350 1423 libris
377 1370 524 1423 hebebant
549 1370 670 1422 dissidii.
723 1369 779 1421 Pro
808 1366 892 1421 celio
926 1366 960 1420 at
988 1385 1057 1421 nera
1082 1370 1232 1440 scriptura·

130 1475 240 1542 (edium
260 1491 320 1525 cum
339 1475 537 1527 erudelissemo
557 1474 695 1534 discidio,
716 1473 772 1524 hoe
791 1482 842 1537 est,
861 1480 891 1526 ut
908 1490 1023 1542 prorsus
1042 1472 1221 1544 diiungeren·

132 1584 179 1632 tur
197 1582 228 1631 et
241 1574 350 1637 inimici
368 1580 474 1647 essent)
493 1584 534 1632 est
552 1577 580 1631 in
599 1577 696 1630 codiee
714 1575 869 1630 Perisiensi
887 1584 915 1630 et
933 1577 1138 1645 Beroensibus3
1170 1583 1225 1635 Er-

130 1680 287 1746 iurtensis,
306 1680 399 1735 miuus
420 1682 527 1744 bonos,
565 1681 682 1734 dissidio
702 1680 799 1733 hebet.
851 1680 893 1733 Ad
915 1680 1040 1734 Atticum
1059 1683 1145 1737 etiam
1165 1686 1225 1751 XV,

132 1785 185 1851 w,
212 1786 439 1850 iiconstitutum
459 1787 530 1837 enim
548 1802 607 1838 esse
625 1785 790 1846 dissidium,
810 1782 838 1836 id
858 1790 917 1848 est,
936 1783 1105 1854 diuortium)
1124 1787 1226 1842 editio·

133 1906 182 1943 nes
201 1896 312 1943 ueteres
332 1889 478 1942 habebant
495 1890 642 1941 dissidium
659 1887 848 1956 similiterque
867 1887 924 1950 ΙΙΙ,
949 1885 1001 1950 23,
1019 1887 1045 1940 a.
1086 1890 1178 1960 Atque
1197 1890 1225 1944 in

132 1992 165 2047 iis
183 1992 299 2064 quidem
316 1994 378 2046 iere
403 1993 507 2062 ubique
525 1991 565 2045 sie
588 1991 724 2061 arripiam
755 1997 798 2056 st,
839 1991 923 2045 otiom
942 2007 994 2061 pro
1014 1991 1145 2046 Cluentio
1164 1994 1225 2061 190,

132 2114 183 2167 pro
208 2095 362 2166 bigori05
387 2096 462 2158 (cum
492 2095 602 2166 aliquot
626 2095 771 2149 oodiribus
799 2092 1019 2159 recentioribus,
1058 2104 1089 2149 ot
1115 2098 1224 2152 duobus

132 2200 369 2267 oxoniensibus);
412 2201 447 2253 ed
470 2203 528 2255 nrt.
548 2203 602 2267 tv,
632 2201 700 2264 1‚1
724 2198 921 2266 (acerbissume
940 2199 1087 2252 dissidium
1102 2210 1226 2257 nostrum

131 2305 248 2369 tsdisse,
265 2304 292 2356 id
313 2312 372 2368 est,
408 2304 635 2374 separationem,
662 2321 747 2373 quom
765 2303 839 2354 alter
858 2302 894 2354 ob
914 2303 1005 2369 attero
1025 2302 1225 2375 diuelleretur)

131 2408 265 2463 stiamin
285 2407 382 2461 codice
399 2408 527 2462 Medireo
555 2409 621 2477 (nec
645 2405 864 2476 antiquissumus
890 2408 943 2468 est)
967 2422 1058 2475 praua
1086 2410 1227 2480 scripturo

131 2519 211 2577 erats
248 2519 355 2565 rectem
382 2529 483 2580 margo
507 2511 567 2566 eius
589 2511 693 2567 eodieis
727 2509 832 2579 prebet
851 2515 879 2561 et
903 2508 955 2562 01.
982 2511 1025 2577 Q,
1060 2512 1121 2565 sine
1140 2515 1226 2572 dubio

130 2615 223 2671 etiam
240 2614 308 2669 Bosi
327 2623 355 2669 st
372 2615 505 2668 Lambini
523 2613 640 2669 codices.
684 2615 762 2666 Roro
786 2611 868 2665 nulio
887 2610 1040 2665 adnotatur
1064 2613 1227 2687 discrepan-

130 2717 172 2774 tia
191 2735 247 2772 aee
267 2718 330 2771 iere
348 2718 402 2772 nisi
425 2718 453 2773 in
478 2717 512 2772 iis
533 2718 630 2783 libris,
670 2716 720 2770 ubi
743 2717 779 2768 de
805 2713 932 2767 rodinum
958 2715 1099 2786 scriptura
1125 2738 1227 2790 parum

131 2828 264 2887 constet,
282 2828 314 2876 ot
332 2823 420 2876 Acori.
442 2824 472 2887 Ι,
490 2823 543 2888 tt,
562 2824 597 2876 de
616 2823 696 2876 Orat.
717 2821 775 2882 ΙΙΙ,
799 2818 844 2872 61.
884 2819 992 2872 Eadem
1010 2819 1083 2875 satio
1103 2826 1227 2894 reperis.

130 2928 201 2989 iar,
237 2926 261 2978 si
279 2925 342 2996 qais
359 2927 434 2996 spond
455 2927 589 2981 Tacitum
617 2925 787 2996 scripturam
819 2928 847 2975 et
872 2923 994 2994 uestigia
1011 2926 1141 2981 codicum
1161 2931 1226 2985 iilo-

132 3029 314 3085 rentinosam
326 3029 458 3096 (alterius
470 3046 519 3084 sex
537 3028 688 3093 librorum,
706 3024 825 3081 alterius
836 3033 1009 3095 ceterorum)
1023 3036 1050 3082 et
1061 3032 1228 3101 plerumque

133 3135 223 3191 etiam
242 3134 365 3187 aliorum
384 3150 448 3186 oum
467 3130 562 3186 codiee
581 3132 705 3186 Bodensi
723 3139 750 3184 et
769 3131 910 3184 ueteribus
937 3132 1106 3188 editionibus
1125 3155 1228 3208 eonpa-

133 3236 292 3294 rsueritin
314 3235 462 3290 tristarier
500 3236 572 3289 Ann.
591 3235 708 3300 11‚8tt,
741 3234 968 3301 xtt,tettt,
1005 3238 1229 3304 x1v‚1esno.

135 3343 218 3412 Apud
240 3338 362 3396 Nonium
382 3340 469 3394 etiam
487 3341 529 3409 (p.
547 3340 565 3393 ii
583 3340 681 3405 Mero.)
700 3337 728 3390 in
747 3338 864 3391 Lucreti
887 3356 972 3394 uersu
991 3341 1049 3405 (ΙΙ,
1085 3343 1149 3409 119)
1169 3319 1229 3399 edi·

137 3444 227 3501 tiones
247 3452 313 3498 aute
339 3443 511 3497 biercerium
539 3443 665 3496 dissidiis
691 3443 846 3495 habebant.
904 3443 1055 3498 Discidium
1083 3447 1230 3504 Lucretius

136 3549 298 3621 sepissume
316 3548 386 3604 dicit
405 3549 439 3601 de
457 3547 640 3602 dissolutione
659 3554 817 3602 atomorum
844 3547 1068 3603 coniuncturum.
1121 3551 1231 3608 Deinde

139 3670 295 3723 numquam
315 3654 368 3707 boc
400 3652 591 3717 odewalone,
628 3651 701 3722 qnod
721 3656 839 3719 putatur
864 3668 923 3705 esse
948 3654 1109 3720 dissidium,
1144 3656 1174 3710 in
1187 3665 1231 3712 ts-

139 3758 214 3811 iibus
235 3755 306 3811 iocis
325 3755 446 3825 positum
472 3754 634 3825 reperitur,
672 3753 779 3822 ubido
803 3757 950 3809 sententiis
976 3758 1098 3810 sebosus
1124 3758 1229 3812 disere-

140 3861 273 3932 pantibus
294 3861 428 3915 dissidere
447 3859 582 3928 ponitur;
621 3863 652 3910 ut
676 3874 749 3926 supe
768 3858 843 3926 spurt
868 3858 1035 3911 Ciceronem
1068 3858 1231 3931 philosophi

140 3967 215 4020 inter
245 3972 350 4018 se‘aut
377 3965 414 4017 ab
441 3962 539 4032 sliqoo
567 3957 701 4013 dissidere
725 3958 880 4023 ditanturs
914 3961 1047 4015 uoluntas
1071 3979 1089 4016 s
1115 3965 1230 4035 scripto,

139 4068 278 4139 seriptum
300 4084 317 4120 o
336 4065 492 4130 sententia,
520 4063 667 4118 iemeritas
685 4078 702 4114 a
722 4060 878 4131 sapientin3
900 4079 983 4118 nemo
1004 4082 1138 4136 umquem
1155 4069 1232 4122 Stoi·

138 4190 239 4228 eoram
267 4178 297 4226 et
321 4167 578 4240 Peripateticorum
610 4167 729 4219 dissidio
758 4182 892 4219 rerumne
918 4185 973 4222 non
999 4172 1233 4227 concordantium

136 4276 287 4332 nominate
306 4274 394 4344 legit;
413 4274 575 4342 (discidium
589 4271 713 4336 seciam,
745 4269 772 4322 id
793 4277 844 4335 est,
863 4271 1004 4338 discessio,
1024 4271 1128 4325 dicitur
1145 4274 1232 4329 Acsd.

135 4389 170 4445 1,
189 4381 252 4448 ta).
288 4377 333 4433 ibi
351 4379 447 4432 lorum
470 4377 559 4432 hobei
578 4377 637 4430 hee
656 4390 728 4440 uox,
763 4389 848 4444 quem
870 4377 957 4433 esteri
983 4376 1146 4440 dissidium,
1182 4395 1233 4434 nos
