2706 5018
852 258 871 292 Χ

212 357 323 424 LVlll
638 351 893 417 t'ttAEFn'ttO.

214 563 274 606 usu
297 538 477 623 antiquitus
500 535 602 599 luisse
624 548 750 619 constet
773 537 821 616 (ut
842 543 892 599 set
911 548 942 598 et
965 534 1036 614 sed,
1068 542 1168 619 aput,
1200 536 1301 616 illut),

199 628 309 734 'quam
329 646 489 708 rationem
507 644 553 705 ita
572 641 681 705 iudico
704 641 744 704 ad
758 639 928 706 Ciceronis
950 662 1113 727 proxume
1133 640 1302 718 adceders,

213 768 247 818 ut
272 751 440 839 quaedam,
488 769 559 834 quae
584 746 668 832 apud
695 749 800 828 ipsum
826 769 939 833 parum
967 759 1155 812 constanter
1178 758 1212 810 et
1236 731 1300 811 lor·

212 874 300 924 tasse
322 855 435 942 paullo
457 855 622 919 horridius
651 856 774 940 scripta
798 854 939 933 fuerint,
982 853 1023 919 ab
1056 854 1303 938 antiquissumis

211 969 276 1031 iam
307 963 453 1028 librariis
499 962 539 1025 ad
575 961 717 1047 aliquam
753 962 970 1030 constantiam
1006 972 1161 1025 reuocata
1193 961 1270 1024 sint.
1282 959 1304 1040 ¹)

213 1073 279 1139 Sed
317 1072 365 1154 (ut
406 1071 575 1146 omittam,
620 1089 692 1154 quae
722 1068 755 1130 in
787 1067 932 1132 secunda
962 1088 1117 1131 maxume
1143 1067 1304 1151 tertiaque

207 1177 344 1265 plagula
377 1176 491 1240 oculos
540 1176 697 1260 sugerunt
731 1176 764 1236 in
806 1171 1091 1258 praepositionibus
1128 1170 1304 1237 uerborum

212 1287 457 1371 conpositorum
479 1295 512 1346 et
534 1282 628 1362 aliis)
657 1295 690 1343 et
720 1292 887 1368 receptum
917 1292 947 1343 st
975 1278 1016 1345 ab
1046 1281 1141 1344 initio
1174 1298 1302 1354 ceuceu,

210 1392 296 1478 quod
316 1389 544 1467 Quinctiliani,
568 1408 632 1451 non
646 1387 792 1450 codicum
806 1389 993 1451 testimonio
1015 1388 1141 1464 nititur,
1162 1386 1304 1470 quamsi

211 1517 398 1583 sequemur,
415 1498 514 1560 etiarn
534 1515 645 1558 cussus
667 1505 699 1556 st
722 1493 860 1556 derrasse
880 1491 1073 1571 scribemus,
1093 1513 1110 1558 a
1136 1488 1303 1556 codicibus

210 1624 344 1686 prorsus
355 1602 572 1679 discedentes,
581 1614 613 1665 et
625 1597 764 1664 exclusa
774 1596 931 1685 ulia,quae
941 1621 959 1663 e
969 1596 1137 1664 codicibus
1145 1595 1303 1661 sumenda

179 1695 182 1701 ’
212 1722 327 1789 erant,
357 1708 442 1795 quod
473 1729 536 1786 rue,
557 1727 672 1791 parum
693 1703 821 1769 adhoc
843 1726 949 1790 genus
967 1703 1148 1791 diligentia·
1169 1703 1303 1779 iactum,

213 1818 319 1901 primo
344 1813 419 1879 loco
443 1814 613 1901 fugerant,
635 1825 671 1876 ut
693 1810 829 1891 inculto,
853 1817 1011 1895 'optineo,
1032 1811 1197 1887 uinclum,
1219 1808 1302 1873 ι’ᾰσιιι

210 1920 331 2006 plurali
355 1942 511 1995 numero;
556 1919 672 1984 relicta
700 1922 799 1984 etiarn
832 1937 951 2002 arrogo
982 1931 1015 1981 et
1041 1918 1204 2002 puellum.
1252 1914 1303 1980 De

210 2032 284 2114 ipsa
315 2050 351 2091 re
375 2028 481 2089 fateor
512 2046 597 2089 nrrnc
621 2027 729 2089 minus
759 2024 840 2089 mihi
872 2022 1005 2106 probari
1036 2022 1123 2089 hunc
1151 2035 1304 2086 conatum

210 2143 349 2197 uetustae
371 2130 463 2195 illius
486 2133 624 2195 rationis
647 2135 680 2195 in
705 2130 916 2217 generalibus
939 2128 1115 2195 uerborum
1140 2128 1257 2194 formis
1273 2140 1304 2192 et

210 2237 491 2325 conpositionibus
507 2241 540 2301 in
557 2249 684 2302 nostras
701 2239 862 2302 editiones
881 2235 1083 2313 reuocanda,
1107 2257 1305 2322 quamquam

211 2345 314 2410 multo
333 2347 441 2408 minus
461 2365 519 2408 eos
532 2343 647 2430 probo,
671 2347 727 2429 qui
741 2345 811 2408 haec
829 2357 1014 2409 nostrorum
1026 2344 1175 2408 codicum
1193 2345 1306 2407 incon·

211 2450 332 2514 stantia
346 2452 394 2513 sic
411 2453 551 2529 uariant,
574 2463 610 2514 ut
628 2472 707 2515 mox
722 2457 830 2528 toties,
843 2473 924 2515 mox
935 2455 1057 2514 totiens
1073 2447 1172 2514 scribi
1189 2446 1307 2512 uelint.

210 2554 295 2620 Nam
318 2557 352 2618 in
376 2567 445 2619 toto
467 2555 530 2619 boc
550 2578 673 2642 genere
696 2556 923 2643 diplomatica,
942 2579 1039 2644 quam
1059 2568 1200 2634 uocant,
1222 2552 1308 2621 fides

210 2662 304 2747 quasi
318 2682 427 2726 secum
441 2675 576 2749 pugnat,
602 2677 749 2727 ueterem
766 2665 903 2729 formam
915 2665 1045 2728 indiciis
1057 2683 1262 2748 persequens
1273 2675 1307 2726 et

210 2767 340 2832 indeed
365 2765 431 2832 alia
447 2770 630 2848 traducens,
653 2773 768 2856 inquo
788 2772 886 2837 etiam
906 2770 1065 2836 nonnulla
1083 2769 1184 2835 dubia
1202 2767 1307 2833 reliu-

209 2887 362 2961 quontur.
435 2873 564 2941 Deinde
592 2890 709 2962 praeter
736 2890 827 2944 recta
858 2878 957 2941 iidem
990 2877 1120 2943 codices
1152 2875 1305 2962 quaedam

209 3002 274 3045 uon
300 2983 407 3045 minus
421 3001 507 3067 sape
535 2981 669 3065 habent,
691 3005 763 3071 quta
798 2986 950 3052 deserere
962 2986 1122 3068 cogimur,
1143 2993 1181 3045 ut
1202 2987 1308 3047 iater-

207 3092 358 3171 proeturt',
375 3091 543 3169 pretium,
567 3089 723 3165 deuurt'm
740 3094 832 3178 etqui
855 3094 884 3156 si
906 3091 959 3155 bic
979 3091 1128 3157 codicum
1154 3091 1304 3157 testimo·
1337 3164 1342 3169 ,

210 3195 266 3257 nia
287 3191 496 3277 neglegimus
518 3206 551 3256 et
571 3197 734 3260 ueriorern
754 3198 917 3284 quendam
938 3199 1100 3264 rationem
1121 3197 1303 3280 sequimur,

209 3296 285 3361 aliis
308 3300 529 3362 monumentis
552 3298 789 3383 confirmatam,
814 3326 943 3384 uereor,
967 3317 1003 3368 ut
1027 3324 1099 3369 earu
1126 3303 1208 3367 satis
1233 3323 1303 3367 cer·

209 3416 276 3468 tam
307 3399 507 3468 ecficiamus.
554 3405 712 3487 Adsedit,
752 3421 807 3489 ut,
853 3413 882 3474 si
905 3409 1113 3478 Ciceroninni
1144 3408 1302 3492 temporis

209 3508 375 3574 scribendi
397 3513 557 3576 rationem
590 3515 841 3599 exprimamus,
875 3516 1046 3581 uideamur
1070 3515 1157 3580 idern
1179 3512 1301 3581 debers

208 3614 319 3695 Liuio,
344 3616 490 3698 Seneca,
516 3616 652 3700 Τιιοὶιο,
675 3643 748 3708 quae
773 3620 978 3689 difficilluma
998 3623 1099 3688 luerit
1122 3620 1302 3687 distinctio.

230 3789 259 3858 ¹)
279 3790 313 3844 ln
329 3789 384 3845 hae
402 3798 496 3846 umen
515 3793 576 3866 ipss
595 3812 626 3848 re
645 3795 837 3850 inconstantia
855 3796 950 3870 aliqua
969 3803 1006 3859 st,
1026 3813 1111 3871 quom
1129 3795 1162 3850 in
1176 3794 1300 3849 nonnrrl·

277 3881 314 3934 lis
331 3890 378 3950 (ut
389 3888 487 3950 existo,
506 3890 630 3958 optineo)
652 3889 823 3961 etymologia
841 3889 1072 3961 pronuntiationi
1083 3888 1214 3952 cesserit,
1223 3885 1301 3962 quod

276 3991 366 4044 genus
384 3977 546 4043 scribendi,
561 3987 595 4033 ut
613 3998 701 4034 sonus
720 3980 904 4047 dominetur,
941 3981 1072 4037 naturale
1088 3990 1118 4036 ct
1136 3981 1219 4055 prins
1246 3987 1300 4045 est,

277 4064 420 4122 interdum
430 4071 462 4125 iu
481 4089 552 4126 sono
570 4073 754 4144 exprimendo
767 4074 880 4129 barone
898 4078 1038 4146 (surum,
1056 4075 1150 4142 cett),
1165 4075 1196 4126 in
1214 4073 1301 4144 longe

275 4158 416 4231 plurumis
425 4165 623 4237 pronuntiatio
642 4167 839 4240 etymologiar
857 4187 922 4223 narn
939 4170 1049 4238 attigit,
1066 4184 1127 4222 nou
1137 4168 1300 4241 adtigitau·

277 4251 370 4308 ditum
390 4273 453 4311 esse
471 4264 637 4322 certumst,
655 4265 684 4314 et
700 4269 847 4338 tanquam,
865 4279 1002 4334 ιιιιφιιιιιι,
1020 4267 1055 4315 ut
1072 4260 1235 4315 litterarum
1253 4274 1299 4315 co-

274 4348 372 4418 gnatio
384 4347 656 4422 postulabattlauc,
667 4361 744 4418 trine,
754 4351 909 4428 rotimus),
919 4362 1139 4434 coctusquam,
1160 4370 1299 4424 capuan.
