2730 5016
453 358 774 441 axcuasusiv.
1095 379 1160 444 ero

64 571 196 641 plicetur,
216 586 306 643 neque
323 569 454 640 intellegi
472 569 606 624 reeteilli
623 569 682 624 loni
699 586 791 640 neque
816 569 938 625 iudicari
962 573 1088 642 pariunt.
1122 573 1160 627 lit

63 674 190 728 iriaioria
200 674 313 743 quidem
325 672 512 745 philoaoplria
521 673 675 743 arripiorea
693 674 836 728 haberem
846 675 907 728 lere
922 675 1161 746 pretermiserunt

64 785 116 832 aut
136 777 237 832 leuiter
253 780 425 842 tractarunt,
442 777 518 847 quod
535 777 564 830 in
584 776 748 832 Graecorum
765 777 877 849 aeriptia
895 780 987 833 multo
1000 769 1098 834 ⁸narina
1109 782 1161 834 ad·

62 881 187 951 tingitur
198 889 226 936 et
237 880 266 935 in
279 881 346 952 ipaia
357 898 465 945 eorum,
475 880 522 951 qui
535 879 698 952 diaeipiinaa
707 881 902 947 condiderant,
922 883 1161 953 diaputatioaihua

63 983 170 1061 partim
190 985 304 1040 omnino
330 1004 385 1040 noa
411 993 526 1040 uernata
552 1002 611 1039 erio
637 985 743 1055 partim
770 985 886 1040 nrinorir
911 987 1048 1042 momenti
1074 987 1161 1042 luiaae

63 1089 180 1143 uidetur
198 1106 284 1161 quam
303 1096 403 1160 pontea
421 1091 496 1158 apud
515 1106 580 1154 noa,
599 1105 668 1158 quoa
687 1087 786 1143 Cicero
803 1096 915 1143 aecntua
932 1096 983 1145 eat.
1019 1092 1060 1144 Er
1080 1091 1161 1145 cice-

63 1191 142 1247 ronio
159 1192 363 1262 interpreiibno
381 1211 452 1248 unua
473 1196 592 1248 Beierua
609 1193 714 1247 adoll.
732 1194 773 1245 ΙΙΙ
791 1195 806 1263 5
827 1193 861 1247 18
879 1195 973 1250 uariae
990 1195 1160 1265 appellatio·

62 1313 124 1361 nea,
143 1295 245 1365 quibua
263 1294 361 1351 Cicero
382 1295 490 1364 utitur,
510 1297 590 1366 quani
607 1315 659 1368 per
676 1303 803 1351 naturam
824 1298 960 1369 conlegit,
978 1299 1058 1353 nulla
1076 1298 1160 1352 adhi-

61 1400 125 1454 bita
142 1400 334 1464 diatinetione,
355 1400 413 1455 alia
431 1408 527 1456 autem
538 1400 567 1454 in
581 1418 699 1454 excursu
715 1408 845 1470 neptunio
858 1403 893 1456 ad
912 1402 1018 1456 libram
1037 1401 1160 1472 primum

61 1506 98 1556 de
107 1503 163 1559 Oli.
176 1504 218 1558 ita
227 1505 372 1569 tractauit,
394 1513 426 1559 ut
435 1522 471 1558 ne
487 1503 528 1556 ilii
546 1505 662 1575 quidem
674 1504 885 1572 difficultatem,
897 1524 957 1576 quar
968 1505 996 1559 ia
1007 1506 1066 1560 illia
1076 1505 1159 1561 liliria

62 1624 121 1661 aon
139 1607 338 1678 iereadpnrel,
358 1607 528 1679 adtingeret,
542 1607 570 1662 in
589 1609 758 1681 quibnndam
775 1609 810 1663 de
828 1617 958 1663 ueterum
974 1609 1160 1681 philoaopho-

62 1728 129 1765 ram
145 1712 276 1767 doctrinar
294 1713 389 1769 fornia
409 1712 501 1767 minua
524 1717 603 1766 recte
623 1713 791 1783 disputaret,
805 1711 971 1768 Ciceronem
994 1729 1122 1783 aequena.
1134 1713 1159 1781 ¹)

63 1813 164 1870 Oritur
181 1823 277 1871 autem
304 1817 461 1872 dillienltaa
478 1815 604 1887 primum
623 1833 655 1869 or
675 1832 726 1877 eo,
745 1818 821 1887 quod
841 1817 986 1872 notionem
1003 1833 1021 1871 a
1047 1816 1160 1884 Steiria,

63 1921 139 1990 apud
159 1939 229 1993 quoa
246 1928 314 1975 nalo
331 1928 375 1986 al,
406 1938 508 1992 parurn
526 1920 674 1975 definitum
692 1918 815 1990 primum
838 1921 999 1975 Carneadea
1016 1938 1094 1993 pane
1114 1922 1160 1975 lu·

60 2024 132 2076 dena
150 2026 346 2093 perturbeuit,
372 2025 474 2079 deinde
492 2023 663 2089 Antiochus,
683 2039 701 2079 a
719 2041 774 2095 quo
793 2024 891 2079 Cicero
911 2027 1031 2095 pendet,
1050 2031 1082 2079 ut
1100 2025 1159 2079 aliu

61 2126 176 2192 Stoica,
193 2130 230 2183 ad
247 2130 448 2184 Academicum
466 2138 495 2185 et
511 2128 735 2198 Peripateticum
755 2127 933 2198 diaeiplinam
953 2147 971 2184 n
989 2147 1020 2184 aa
1036 2145 1159 2184 renoua-

61 2237 122 2286 tam
141 2232 295 2298 transtulit,
314 2241 501 2305 augeturque,
520 2235 594 2303 quod
617 2232 728 2302 dicero,
746 2230 776 2285 in
796 2248 852 2286 una
872 2250 903 2285 re
922 2250 978 2288 nno
998 2240 1027 2287 et
1045 2232 1160 2304 proprio

61 2334 176 2388 nomine
194 2354 250 2391 non
274 2343 431 2402 contentus,
451 2355 528 2409 pana
547 2339 611 2406 plna
630 2353 713 2406 quarn
734 2334 859 2394 oratoria
879 2335 961 2406 eopia
973 2344 1003 2392 et
1020 2338 1160 2392 uarietate

63 2455 129 2493 mur
147 2445 206 2505 eat,
235 2458 332 2495 ruraua
350 2447 447 2497 antem
466 2457 518 2502 ea,
538 2457 598 2510 quar
616 2441 664 2494 uel
682 2439 838 2494 Antiochou
858 2439 1043 2509 distinxerat,
1061 2447 1091 2495 et
1108 2457 1160 2495 uo·

64 2540 145 2597 tione
164 2550 193 2598 et
221 2545 367 2599 nominum
387 2545 524 2615 ambigua
542 2541 744 2597 communitate
761 2541 896 2597 confudit.

136 2645 176 2703 Tri
194 2646 288 2718 πρῶτα
307 2644 378 2704 antei
404 2647 481 2719 φῦσιν
502 2646 668 2701 Aristotelen
688 2662 825 2715 nunquam
847 2646 975 2700 nominat
1005 2663 1074 2712 nee,
1111 2645 1160 2718 qui

62 2752 222 2808 Academia
250 2751 354 2806 ueteria
380 2749 543 2807 doctoribua
566 2750 643 2802 huuc
662 2749 797 2819 loquendi
822 2750 939 2804 modum
968 2750 1092 2817 tribnat,
1118 2756 1161 2806 eat

63 2855 350 2927 pratercieeronem‚
370 2855 417 2927 qni
431 2854 600 2909 Antiochum
612 2870 731 2922 requena
747 2870 801 2907 nou
816 2852 909 2908 minua
921 2853 1066 2909 Aristoteli
1076 2872 1162 2927 quam

61 2961 211 3016 Polemoni
232 2960 370 3014 eiusmodi
391 2959 569 3011 definitiones
592 2957 696 3010 aumrni
723 2956 790 3010 boni
814 2955 934 3024 auliioit,
970 2938 1002 3013 ut
1024 2958 1060 3012 iia
1084 2958 1162 3014 dicat

63 3067 151 3120 linem
170 3065 262 3119 uinum
282 3081 342 3117 eaeo
361 3064 472 3116 iouente
491 3062 603 3124 ninere,
618 3062 759 3127 fruentem
778 3062 813 3113 iio
830 3061 930 3124 redon,
967 3080 1037 3139 quur
1052 3064 1160 3132 primae

61 3170 166 3223 homini
178 3177 279 3222 notiora
299 3167 424 3221 conciliet
443 3167 543 3235 (Acad.
555 3167 591 3230 ll,
611 3164 673 3232 181)
684 3174 742 3228 aut,
762 3164 1010 3232 uiriutendiridr‘ln,
1026 3165 1160 3235 srnr'pri·

62 3275 114 3329 noir
132 3291 150 3324 a
168 3280 270 3325 notiore
289 3273 364 3325 datin
384 3272 509 3341 (Fin.ll,
527 3268 581 3331 δίς
599 3269 652 3322 clr-
676 3271 731 3334 lv,
751 3271 800 3336 15,
821 3270 870 3324 ubi
886 3273 1038 3340 primorum
1059 3287 1161 3326 nomen

63 3394 119 3431 non
142 3376 268 3440 additur)
287 3380 337 3429 ant
354 3376 483 3445 adipisci,
497 3392 557 3448 quor
576 3379 666 3426 errent
680 3373 772 3440 priore
789 3382 891 3428 natura
909 3375 1091 3450 qooeqoriprn
1109 3390 1162 3443 per

63 3498 95 3535 re
107 3481 270 3549 expetendo,
291 3487 341 3532 ant
353 3480 442 3531 omnin
460 3484 510 3531 not
528 3494 656 3531 moroan
675 3477 773 3543 (Acad.
787 3480 809 3545 l,
825 3479 885 3547 22),
904 3485 933 3532 et
950 3478 977 3532 in
988 3477 1073 3534 huius
1094 3495 1162 3548 ope·

62 3585 105 3639 ria
127 3584 202 3638 lilino
230 3590 332 3653 quarto
351 3589 380 3637 et
400 3581 495 3653 quinto
512 3599 625 3654 remper
643 3589 671 3637 et
689 3583 774 3638 liuiaa
792 3583 835 3639 rei
861 3583 1008 3640 notionem
1023 3589 1052 3638 et
1069 3583 1162 3639 nonii·

64 3689 109 3744 nia
131 3706 212 3742 noum
238 3688 273 3741 ad
299 3685 366 3743 illo·
384 3693 515 3743 auctorea
546 3688 644 3742 refert.
699 3688 758 3743 ileo
779 3688 909 3760 quamuia
936 3689 1035 3744 cicero
1055 3689 1100 3749 V,
1124 3685 1162 3743 55

63 3848 296 3863 n

85 3961 107 4014 1)
122 3959 270 4004 Goerenzio:
282 3959 307 4002 ln
323 3959 414 4015 prnlat·
430 3972 452 4015 p.
472 3959 529 4004 Vlll
550 3959 667 4015 queritur,
687 3958 716 4001 ob
730 3958 813 4003 molem
832 3958 887 4003 llbri
907 3957 1103 4003 ”rontinentia
1117 3956 1162 4003 ribi

120 4035 194 4080 lainro
209 4041 319 4091 quattuor
341 4047 470 4086 aroanna,
498 4037 583 4090 onlbnn
598 4040 622 4079 et
635 4034 684 4079 alla
698 4035 727 4078 ad
742 4047 782 4080 rea
797 4047 812 4079 a
826 4035 941 4080 cicerone
957 4036 1075 4094 expetitu
1089 4036 1162 4093 perti-

122 4111 203 4155 nentia
225 4110 325 4155 al'huuu
343 4111 418 4167 ipaiim
436 4111 510 4154 loeum
530 4112 559 4155 de
578 4110 661 4167 primia
681 4114 771 4155 natura
792 4111 946 4169 expoauieaet.
988 4113 1036 4157 an
1050 4125 1162 4157 areurnua

122 4185 246 4243 bibliopola
258 4187 283 4230 ln
300 4191 356 4231 nota
370 4186 475 4230 nnbieeta
492 4187 598 4242 promlrit
610 4199 651 4242 aa,
678 4186 818 4242 nlmnlrtqua
838 4201 854 4233 a
871 4188 1005 4233 tinereurlo
1025 4187 1162 4243 aeeeplaaet,

122 4262 197 4317 gralia
211 4263 356 4320 emptorlbna
370 4263 425 4307 libri
439 4263 587 4307 traditorum.
629 4263 677 4308 Sed
691 4275 816 4319 numquam
830 4263 935 4321 aoeeplt,
965 4263 1024 4319 onai
1038 4274 1162 4318 numquam

119 4337 249 4395 rerlprnrat
265 4338 414 4384 aubin-aa
428 4336 507 4393 bomo,
534 4338 573 4395 qni
587 4351 657 4396 quaa
670 4338 700 4386 ad
713 4338 844 4386 balonnodi
859 4351 898 4387 rar
912 4339 1051 4397 quareadar
1067 4339 1162 4397 inpara-

123 4420 160 4458 tua
182 4418 262 4470 orant,
276 4414 379 4460 lortaaaa
393 4413 444 4472 ipae
456 4414 540 4458 serait.
