2706 5018
127 345 192 412 402
483 336 543 403 DE
565 338 743 409 ulnluus
766 338 870 407 Bou.

130 549 261 625 peccato
281 546 375 612 sunt,
403 536 450 598 sic
475 556 532 612 eu,
565 556 649 620 quoe
671 532 922 617 proficiscuntur
944 558 965 600 e
989 537 1118 609 uirtute,

132 647 283 730 ceptione
308 643 435 727 prinus,
457 661 523 704 non
546 641 767 726 perfectione,
787 654 877 705 recte
900 653 977 705 sunt
999 636 1128 703 iudicent

220 750 267 813 X.
318 749 372 811 88.
401 744 530 811 Bonum
562 759 690 825 autern,
734 746 820 831 quod
852 749 884 809 in
916 746 979 811 iroe
1002 764 1128 811 sermons

129 856 214 919 tiens
233 865 424 938 usurpaturo
448 865 497 931 st,
518 853 552 917 id
576 854 676 917 etiarn
701 849 895 917 definitione
916 851 1106 939 explicatur.

182 1047 247 1099 suut)
262 1047 312 1089 sint
328 1045 347 1089 L
371 1045 659 1101 ressurrecturum
712 1048 748 1090 ³³.
763 1045 904 1103 explicetur)
920 1046 1062 1103 explicetur
1075 1039 1128 1086 utut

199 1235 269 1303 Cep.
297 1232 346 1297 X,
384 1233 428 1286 33.
475 1233 580 1286 Bonum
608 1240 699 1286 autem
725 1262 758 1272 -
784 1233 944 1300 definitione
976 1230 1128 1302 cepticutrn]

129 1329 195 1395 (pro
218 1327 387 1394 explicetur)
407 1325 493 1378 etium
512 1325 574 1381 Pei.
594 1328 610 1379 1
629 1333 657 1379 et
676 1326 769 1395 Spin,
789 1325 969 1395 restituitque
989 1323 1091 1386 Geiusr
1123 1338 1128 1373 r

129 1419 218 1482 Ceto,
245 1417 310 1486 quid
330 1417 392 1470 fieri
412 1420 487 1487 opud
506 1419 617 1473 Stoicos
637 1419 746 1481 soient,
766 1424 798 1472 ut
815 1419 829 1485 ἦ
847 1417 900 1471 so:
922 1419 1056 1486 Deinceps
1075 1413 1128 1481 erpi

128 1511 285 1577 differentis
303 1526 403 1562 reresr.
439 1513 481 1564 Eo
499 1513 592 1565 rninus
611 1510 773 1565 offensionis
791 1510 890 1574 hehet,
902 1511 987 1579 quod,
1008 1517 1128 1578 tesqoen

129 1618 175 1653 ros
195 1602 359 1670 appellarit,
376 1604 479 1658 subicit
497 1621 598 1668 eorum,
614 1604 642 1657 in
662 1621 716 1675 quo
735 1601 883 1656 Ernestius
901 1602 1046 1666 lroerebut,
1063 1596 1128 1653 eiiii

128 1692 166 1745 ita
186 1711 216 1745 se
235 1692 397 1761 expediunt,
417 1702 447 1749 ut
466 1697 521 1750 hoc
539 1714 694 1767 pronomen
711 1696 809 1750 codem
829 1694 913 1749 modo
928 1693 996 1764 poni
1017 1694 1121 1763 putent,

128 1784 188 1850 iili,
225 1802 279 1855 quo
300 1786 402 1856 srrpius
429 1790 500 1841 Ceto
519 1789 547 1841 in
571 1788 674 1842 Stoicis
692 1786 918 1840 demonstrandis
945 1785 1048 1842 utitur.
1081 1781 1128 1839 ttir

127 1878 241 1930 demunt
260 1879 330 1942 toro,
349 1879 501 1934 constituto
515 1881 571 1934 ium
583 1897 694 1935 summo
710 1881 784 1932 bono
804 1885 831 1932 ot
849 1879 1058 1941 demonstrem,
1074 1872 1128 1927 uiui

127 1969 245 2032 bouum,
265 1968 320 2035 nisi
337 1971 410 2037 quod
430 1972 579 2027 irouesturn
597 1971 651 2035 sit,
685 1970 746 2042 ipsu
765 1969 830 2024 honi
851 1969 928 2024 notio
946 1966 1128 2040 adtingitur!

128 2059 219 2128 origo.
249 2060 313 2122 seu,
335 2069 364 2112 ut
384 2063 419 2113 ud
440 2064 476 2126 ΙΙ,
498 2065 514 2115 t
533 2065 590 2117 iern
612 2065 685 2129 dixi,
704 2063 758 2134 ipsi
777 2061 865 2117 Stoiri
884 2063 952 2117 lutrio
970 2059 1079 2115 notioei
1098 2073 1115 2111 e

128 2149 238 2221 origiue
258 2154 417 2220 repctcude
436 2161 464 2207 ct
483 2156 683 2210 constituendus
701 2155 857 2220 minorem,
877 2171 961 2225 quern
981 2152 1128 2212 debebunt,

125 2257 188 2295 runs
206 2239 365 2312 inpendisse
384 2244 516 2301 uidentur
543 2267 594 2302 noc
612 2249 671 2302 eius
698 2248 952 2318 pertractationem
972 2246 1003 2299 in
1030 2241 1116 2298 sortes

127 2331 211 2406 piinre
232 2336 421 2406 descriptione
439 2338 579 2410 precipuo
592 2342 654 2395 toro
677 2337 811 2410 posuisse.
846 2340 946 2411 itaque
965 2355 1022 2392 eeu
1033 2333 1101 2390 eutis
1114 2330 1128 2384 it

127 2429 338 2497 sequebantur,
377 2448 432 2499 quo
451 2430 513 2502 ipre
530 2433 591 2486 trec
609 2430 759 2502 explicetio
778 2435 925 2498 (merome
944 2432 958 2498 i
976 2429 1027 2497 ΙΙ)
1045 2426 1128 2498 specis

128 2520 275 2590 perspicue
295 2522 493 2588 ostenderent,
523 2525 648 2588 honum,
686 2523 759 2592 quod
780 2525 873 2577 ettrire
891 2524 1072 2583 diecretnr‚-
1089 2531 1128 2586 eet

127 2614 220 2667 scium
242 2615 347 2669 bonurn
368 2616 563 2683 appellebant,
581 2617 722 2687 quomodo
741 2616 778 2668 ub
797 2616 849 2670 itio
867 2616 954 2676 bono,
973 2613 1049 2683 quod
1068 2607 1121 2663 etis

128 2706 280 2774 diceretur,
297 2708 427 2763 differret
445 2715 475 2763 ct
492 2727 549 2781 que
568 2727 600 2763 cx
619 2716 701 2780 purte
720 2724 784 2760 rum
803 2706 855 2761 ilio
871 2705 1090 2761 consocierctur.
1120 2701 1128 2754 Ι

126 2798 304 2853 finitionibus
323 2806 418 2855 eutem
437 2802 505 2855 boni
525 2800 646 2866 Stoicis,
666 2819 726 2870 que
745 2806 915 2853 conseruere
933 2806 1017 2863 suut,
1039 2796 1100 2852 elie
1114 2800 1128 2848 t·

126 2889 211 2945 huius
230 2891 352 2946 notionis
379 2910 442 2946 curn
471 2893 530 2948 ulio
555 2912 612 2947 uon
638 2893 730 2962 surgis
760 2891 900 2961 explicate
926 2907 1031 2944 neruus
1058 2884 1128 2960 sigei

126 2991 159 3038 ut
176 2983 231 3038 itte
249 2985 406 3046 communie
425 2983 534 3056 ἀγαθόν
552 2986 622 3042 risos
640 2978 771 3055 sterteres
788 2976 803 3050 ii
822 2979 866 3050 oriz
885 2983 977 3056 's'repos
990 2979 1128 3057 desistet*

125 3077 209 3146 Erup.
227 3077 333 3148 Pyrrh.
356 3080 464 3150 llypot.
482 3080 533 3145 ΙΙΙ,
553 3079 624 3143 loo,
642 3078 708 3131 udu.
728 3077 796 3133 Eun.
813 3075 862 3139 22,
882 3074 965 3146 Πίος.
988 3075 1057 3139 vn,
1077 3071 1122 3137 91)

125 3176 235 3225 tentum
256 3168 421 3225 eitiunt-tuns
440 3170 576 3241 quiddeur
606 3169 673 3222 truie
699 3167 808 3223 notioni
836 3176 864 3221 et
890 3168 965 3238 quod
989 3180 1128 3234 consessu

127 3261 305 3332 exprimunt,
330 3268 362 3315 ut
379 3262 454 3329 itte,
479 3280 540 3334 que
557 3263 632 3332 epud
650 3260 727 3314 Sext.
746 3260 855 3331 Empir.
875 3262 1024 3330 Hypotyp.
1046 3264 1103 3318 ΙΙΙ,
1125 3257 1128 3307 ἶ

127 3353 192 3406 udu.
211 3355 277 3407 Eth.
295 3353 331 3406 uu
349 3358 493 3422 ponuntur
512 3352 634 3426 (ripariis
650 3351 681 3408 τὰ
699 3350 736 3407 δι’
753 3347 815 3406 eriri
834 3346 941 3423 αἶριτόιι
960 3345 1026 3419 iisd
1040 3348 1128 3417 oetier

126 3463 210 3511 perus
225 3443 291 3512 spuit
309 3439 483 3515 es'dusposr'us
500 3442 517 3516 ἢ
534 3446 565 3503 sd
583 3441 804 3518 συμπληρωτικὰ
821 3440 1029 3511 »compartum
1045 3442 1128 3497 51¹⁸!

126 3552 187 3604 quse
205 3538 279 3606 epud
302 3539 421 3592 crundenr
440 3540 559 3595 Scitum
576 3548 714 3611 preterea
732 3544 854 3607 utroque
876 3536 941 3589 toro
968 3534 1126 3605 explicetur

126 3635 184 3697 pot.
204 3635 260 3694 ΙΙΙ,
286 3630 355 3695 171,
396 3634 459 3686 edu.
480 3635 547 3687 Etir.
573 3632 607 3685 tl
626 3631 702 3702 sqq.)
730 3646 847 3700 queque
866 3626 954 3681 etienr
974 3628 1050 3697 epod
1068 3626 1128 3697 Eiet

126 3722 178 3776 itio
198 3724 261 3778 toro
281 3732 309 3778 et
327 3724 403 3793 apud
421 3725 565 3780 Stoueum
582 3725 658 3791 (Eri.
678 3723 747 3778 Iitlr.
765 3741 792 3792 p.
812 3722 864 3790 uo)
883 3725 1128 3779 rournenoreturs

125 3815 193 3870 bosi
210 3813 338 3870 definitio
359 3823 400 3880 et,
419 3819 467 3871 scri
487 3835 586 3871 rerurn
604 3819 746 3872 bonerum
765 3814 943 3869 eeueserstio
962 3819 992 3867 et
1009 3807 1128 3874 uiuido,

126 3909 185 3961 uiis
203 3908 298 3962 forme
322 3907 471 3979 exponitur
495 3912 570 3981 epud
596 3910 762 3964 Ciceronem
785 3907 861 3977 W.
913 3909 1017 3975 lteque
1043 3918 1128 3974 quer

126 4008 260 4054 ustorum
284 3998 411 4057 notionis
436 3999 553 4072 propius
573 4003 723 4073 adtingere
740 4007 874 4065 condor,
914 4005 948 4054 ut
972 3995 1114 4069 Diogenis

127 4092 213 4160 ionii,
232 4110 318 4164 quern
340 4094 412 4148 Ceto
433 4084 531 4164 ponit,
553 4113 611 4150 unu
628 4103 768 4168 preterea
784 4098 931 4166 superest,
968 4092 1128 4163 penitus-t

126 4188 261 4242 differens
279 4204 331 4241 nee
354 4192 450 4240 tenen
483 4190 530 4256 (ut
555 4204 573 4243 e
606 4187 752 4242 nonuuttie
779 4187 836 4241 dici
868 4184 969 4255 uides)
996 4184 1118 4249 endu,

126 4278 210 4351 Diog.
235 4279 330 4335 neers.
359 4279 379 4337 Ι.
404 4296 446 4345 c.‚
481 4277 512 4337 ssi
536 4276 648 4354 ἀγαθόν
671 4277 703 4334 ri
726 4277 828 4334 etiem
849 4274 920 4334 eard
948 4273 1032 4349 prices
1057 4274 1128 4349 dm

126 4363 241 4441 inseri.
