2706 5018
142 371 203 431 ια
359 456 363 464 ¹
492 365 552 430 m:
575 361 751 431 eminus
774 362 877 430 nou.

141 562 203 625 bus
225 557 447 645 conprobauit.
496 560 592 635 Quod
618 583 715 646 quam
739 530 894 646 mag'num
917 560 980 636 sit,
1018 553 1120 620 fietne
1150 570 1227 619 uete-

141 689 212 731 rum
236 665 366 729 fabulae
396 665 580 744 declarant,
604 669 637 730 in
662 666 780 752 quibus
799 681 864 730 tam
887 663 999 729 multis
1024 676 1159 748 tamque
1179 682 1227 726 ou·

141 776 212 851 riis,
237 772 276 835 ab
296 772 419 835 ultuma
439 775 632 856 antiquitate
650 776 811 858 repetitis,
830 775 892 836 tria
910 774 969 835 uix
986 772 1227 853 amicorumps·

141 883 191 946 ria
218 881 442 965 reperiuntur,
487 890 522 940 ut
551 880 591 943 ad
623 877 775 943 Orestem
805 881 981 964 peruenias
1011 875 1175 962 profectus
1206 894 1224 937 u

143 987 286 1052 Theseo.
334 986 380 1049 At
399 1006 479 1047 uero
504 985 665 1069 Epicurus
690 1007 751 1047 unu
775 986 807 1048 in
831 986 944 1063 domo,
986 994 1019 1046 et
1042 978 1221 1066 eaqutdeu

141 1106 299 1179 angusta,
347 1112 443 1176 quam
475 1113 613 1176 magnos
637 1105 823 1176 quantaque
847 1092 968 1155 amoris
992 1087 1219 1172 conspiratione

143 1199 376 1265 consentientis
415 1201 519 1260 tenuit
551 1199 729 1260 amicorum
757 1197 893 1283 greges!
944 1194 1031 1280 quod
1057 1191 1098 1256 fit
1132 1193 1223 1257 etim

125 1329 225 1372 ⁴nunc
249 1304 289 1367 ab
312 1302 493 1386 Epicureis.
549 1303 615 1367 Sed
636 1303 678 1366 ad
700 1325 769 1366 rem
791 1304 983 1377 redenrnus3
1029 1299 1071 1363 de
1093 1296 1219 1361 homiui·

140 1415 201 1478 bus
225 1411 290 1474 dici
313 1428 378 1471 uon
397 1429 530 1471 necesse
551 1421 594 1476 st.
640 1413 693 1473 66.
725 1408 848 1473 Tribus
876 1410 977 1495 igitur
999 1406 1105 1470 modis
1133 1403 1227 1493 uides-3

139 1543 159 1584 a
180 1519 301 1582 nostris
325 1535 398 1577 esse
418 1514 457 1577 de
480 1516 623 1579 amicitia
642 1517 854 1602 disputatum.
922 1512 1013 1591 Alii,
1055 1533 1147 1599 quoru
1165 1496 1227 1605 est}

139 1625 337 1705 uoluptates
357 1642 439 1704 quae
457 1621 496 1684 ad
518 1623 641 1686 anticos
664 1625 876 1707 pertinerent,
897 1630 1057 1705 negarent
1077 1638 1146 1681 esse
1163 1620 1227 1707 pur}

141 1748 177 1790 se
208 1728 297 1812 ipsus
330 1739 395 1789 tam
431 1727 653 1812 expetendas,
700 1750 795 1812 quarn
829 1740 957 1790 nostras
984 1738 1227 1808 expeteremquj

139 1855 203 1919 quo
225 1832 298 1896 loco
321 1833 449 1897 uidetur
472 1832 666 1918 quibusdam
689 1834 854 1898 stabilitas
877 1834 1043 1897 amicitiae
1059 1816 1227 1901 uacillsrn'*

138 1952 270 2003 tuentur
288 1951 395 2002 tamen
422 1961 497 2003 eum
520 1939 647 2018 locum,
671 1962 772 2026 seque
794 1937 904 2015 facile,
926 1951 961 2000 ut
985 1935 1066 2000 milri
1087 1935 1227 2023 uidetur,¹

190 2129 350 2186 conprobauit)
364 2132 571 2186 comprobaturi}
621 2134 686 2188 Queri
700 2135 778 2192 quarn)
793 2130 977 2189 meqtumfl
1024 2128 1126 2185 ω11666)
1138 2120 1227 2187 “⁰¹1¹

136 2205 275 2258 horninibus)
290 2208 401 2250 omnibus
415 2207 527 2252 nereca
594 2212 627 2255 lt.
642 2211 724 2267 igitur)
739 2208 833 2269 ergoE
877 2219 892 2250 s
906 2205 993 2250 uostris
1007 2207 1073 2260 esse)
1088 2210 1227 2267 essesut·¹

136 2283 197 2326 stris
211 2281 365 2327 remoror.
393 2284 550 2340 pertinerent)
562 2287 722 2341 perttnsntla
751 2285 807 2332 milri
823 2283 923 2334 uidetur)
937 2279 1157 2327 uideaturnlttlr

135 2447 268 2502 tionibus.
301 2447 395 2519 Igitur
411 2449 440 2502 in
461 2451 556 2521 mgine
575 2453 651 2505 crat.
672 2458 701 2504 et
719 2470 734 2504 o
752 2453 813 2506 coti.
834 2450 909 2504 Uict.
929 2448 1090 2503 stlnotutur.
1137 2449 1175 2501 ilc
1187 2460 1215 2498 rs

135 2540 226 2593 multa
246 2549 344 2595 narrat
363 2541 560 2613 Diogenesx,
579 2544 607 2605 9,
626 2561 684 2614 sqq.

203 2633 260 2685 trio
279 2634 328 2685 uis
345 2636 492 2687 amicorum
506 2637 600 2703 paria)
637 2637 703 2688 Lael.
721 2635 771 2689 15:
810 2635 933 2687 omnibus
960 2631 1072 2686 saeculis
1098 2633 1145 2683 uis
1169 2626 1218 2683 tris

135 2730 185 2777 aut
212 2731 343 2792 quattuor
367 2728 543 2780 nominantur
565 2727 652 2796 pario
675 2728 840 2791 αοιίαονααις
877 2726 993 2780 tertium
1026 2721 1099 2775 ittut
1128 2726 1220 2791 prule

134 2818 277 2871 Theseum
299 2825 328 2872 et
348 2818 508 2873 Pirithoum
528 2828 555 2872 et
574 2821 702 2873 Orestem
724 2825 808 2887 utque
828 2820 965 2889 Pyladem
983 2822 1024 2869 est
1043 2811 1165 2868 Achillis
1181 2818 1220 2868 ul·

134 2927 188 2978 que
207 2911 352 2978 Putroeii;
377 2912 434 2966 uid.
453 2913 530 2967 Piut.
547 2914 582 2965 de
600 2909 681 2964 amic.
701 2909 844 2964 multitud.
863 2930 887 2965 c.
904 2909 922 2961 2
941 2929 969 2979 p.
986 2907 1022 2962 et
1039 2909 1083 2969 tt,
1109 2906 1222 2961 lanciuu.

134 3002 239 3057 Torsr.
259 3019 283 3055 c.
303 3003 345 3056 16.

202 3113 257 3148 una
276 3097 303 3148 in
321 3095 414 3162 dumo)
433 3095 518 3148 Horti
537 3102 601 3148 sunt
626 3094 766 3165 Epicuri,
803 3113 871 3165 quos
891 3099 1061 3149 testamento
1080 3088 1226 3162 discipulis

132 3186 266 3257 reliquit,
288 3189 392 3257 quique
411 3205 446 3240 ne
466 3187 714 3251 obdurarentur,
735 3189 878 3242 Ciceronis
898 3197 1025 3258 tempore
1043 3185 1182 3239 Phoedrtru
1198 3186 1227 3237 sl

131 3276 218 3330 Petro
237 3293 353 3346 opernm
373 3280 528 3343 dedemnt3
548 3279 603 3332 nid.
624 3283 658 3334 sd
678 3280 779 3335 Foruli.
800 3280 878 3345 xttt,
899 3281 923 3334 l.
1110 3348 1113 3352 λ

201 3367 236 3418 de
253 3368 419 3437 hominibus)
438 3371 484 3423 Sic
504 3371 590 3423 stiam
610 3373 672 3426 Pal.
693 3373 727 3438 1,
766 3371 861 3444 Spin,
887 3372 948 3428 coti.
967 3369 1067 3424 (lilani
1087 3369 1133 3439 (iu
1152 3370 1223 3425 nu»

131 3458 228 3511 manni
256 3458 329 3528 Syll.
353 3462 440 3530 Epist.
467 3462 494 3513 11
519 3482 545 3533 p.
571 3463 657 3530 669);
692 3466 781 3519 ceteri
807 3465 940 3518 meadum
959 3469 1150 3534 perungantur
1172 3462 1226 3517 leue

129 3551 208 3604 bunt.

204 3639 304 3695 που.
323 3642 412 3712 tgna·
430 3645 532 3713 moure)
562 3621 714 3716 srgo'rm
736 3647 800 3701 nat.
837 3647 917 3699 suu
935 3645 1035 3697 motu·
1063 3646 1227 3716 expiscatus

129 3736 143 3802 6
162 3733 198 3788 69
218 3734 303 3801 (Sunt
320 3743 411 3787 autem
429 3738 571 3808 quidam),
600 3739 699 3793 tertios
722 3740 787 3808 §7⁰
805 3740 890 3808 (Sunt
908 3742 1015 3799 autern,
1035 3737 1086 3808 qui
1108 3739 1226 3804 dicunt).

129 3827 172 3878 lte
192 3825 321 3880 oratione
347 3826 376 3880 in
403 3846 473 3883 uoce
499 3830 551 3882 alii
574 3829 733 3900 interrupto
754 3830 809 3884 uiti.
838 3849 896 3885 erc.
922 3830 958 3882 ad
984 3830 999 3896 5
1026 3826 1070 3881 26.
1126 3828 1227 3887 Prius

129 3917 268 3970 sententia
287 3918 399 3988 Epicuri
417 3920 504 3992 ipsius
524 3928 586 3975 erat
604 3923 662 3989 (il,
689 3921 737 3988 82)
757 3940 846 3993 eaque
863 3920 1109 3976 constantiarum.
1144 3923 1226 3979 rte·

129 4008 199 4062 alibi
221 4009 356 4064 docuerat
375 4012 469 4084 (Βίας.
492 4012 634 4078 x‚1‘tt)=
672 4012 721 4082 τήν
738 4016 831 4086 φιλίαν
849 4013 893 4070 δια
910 4012 957 4069 uic
976 4017 1063 4083 χρείας
1084 4016 1225 4084 γίνεαθαα

130 4100 188 4157 δεῖν
198 4104 289 4171 μέντοι
308 4104 552 4179 προκατάρχεσθαι·
569 4110 616 4159 καὶ
633 4101 684 4175 γαρ
700 4104 749 4175 τὴν
765 4104 815 4178 γῆν
828 4112 980 4178 οπείρομεν·
998 4110 1178 4163 συνίστασθαι
1194 4103 1224 4163 Ol

127 4191 209 4265 αὖτήν
225 4193 295 4250 mcci
314 4202 454 4251 κοινωνίαν
470 4195 499 4251 ἰν
516 4198 576 4254 ταῖς
597 4193 717 4267 ἡδοναῖς.

196 4306 248 4356 quo
276 4289 335 4341 loco
357 4290 467 4342 uidetur
491 4320 525 4329 —
545 4296 655 4342 tuentur
674 4296 764 4342 tamen
783 4290 857 4358 uum)
893 4291 983 4343 Recte
1011 4272 1127 4357 prorsus
1146 4288 1222 4346 iuter

127 4397 156 4433 se
174 4381 337 4434 releruutur
355 4399 407 4453 quo
429 4386 457 4436 ct
476 4398 551 4447 eum,
570 4400 622 4436 acc
640 4401 692 4451 quo
710 4381 876 4452 adiungitur
896 4381 931 4436 atl
949 4380 1154 4452 precedentiur
1191 4380 1221 4437 iu
