2706 5018
213 352 254 412 m
554 345 615 410 DE
637 343 814 415 FlNlBUS
836 345 939 413 Bou.

215 541 439 626 aChrysippo
463 544 730 622 praetermissum
761 544 796 605 in
827 543 970 608 Stoioial
1013 543 1177 630 Legimus
1202 555 1320 609 tamen

215 649 412 734 Diogenem,
435 645 659 733 Antipatrum,
683 648 929 730 Mnesarchunr,
952 650 1167 730 Panaetium,
1190 649 1320 715 multoe

215 755 313 833 alios,
325 755 359 816 in
373 754 553 840 primisque
576 755 775 821 familiarem
789 770 936 822 nostrum
948 758 1174 822 Posidonium.
1201 755 1320 834 Quint

269 920 407 974 Penatium)
417 932 465 966 our.
476 920 495 965 0

215 1060 315 1115 cicero
342 1059 410 1114 dicit
435 1061 651 1133 intellegendum
680 1071 722 1130 et,
762 1063 790 1117 id
817 1065 910 1137 potina
936 1084 1000 1121 eum
1030 1084 1063 1122 eo
1092 1063 1248 1137 conparari
1267 1064 1318 1119 da·

215 1155 276 1217 bet,
297 1155 371 1226 quod
389 1153 459 1208 alilri
477 1155 563 1221 dicit,
604 1157 733 1226 intellegi
751 1157 833 1224 lieet,
868 1177 951 1231 qnam
971 1178 1036 1214 enm
1057 1176 1109 1225 eo,
1143 1158 1221 1228 qnod
1247 1157 1318 1213 itan

215 1248 303 1312 olibi,
330 1248 460 1317 intellegi
475 1266 586 1302 neeeeee
605 1255 648 1314 et,
665 1257 697 1303 ut
716 1248 815 1305 Cicero
834 1251 966 1323 intellegi
987 1251 1060 1305 uelit
1077 1267 1111 1304 ae
1131 1249 1242 1303 iubeat.
1284 1253 1318 1303 Ῑιι

215 1340 249 1394 iir
268 1341 356 1403 loeis,
375 1339 402 1392 in
423 1340 524 1410 qnilrna
543 1341 674 1395 Bromius
696 1343 724 1394 et
743 1342 888 1415 Zumptiur
908 1346 932 1413 (ᾖ
951 1343 1018 1413 ooo)
1038 1342 1114 1409 eiua,
1134 1342 1212 1413 quod
1231 1340 1319 1394 liccat

215 1433 321 1496 facere,
336 1431 574 1501 significationem
594 1451 653 1488 eree
673 1440 774 1504 putant
793 1435 855 1502 (hie
873 1437 910 1502 ll,
928 1438 974 1503 77,
994 1437 1046 1501 111,
1061 1437 1089 1501 7,
1108 1434 1163 1488 Off.
1183 1434 1216 1498 1,
1238 1430 1316 1499 na),

215 1525 300 1577 simul
320 1523 509 1594 rignilieatur,
531 1525 597 1595 qnid
616 1530 727 1580 reetnm
745 1527 782 1580 eit
803 1533 830 1581 ct
849 1529 965 1594 deeeal3
1001 1544 1094 1599 neque
1115 1525 1204 1580 aliter
1223 1522 1315 1594 accipi

216 1618 309 1680 debet,
328 1618 401 1686 quod
419 1622 432 1668 Ι
448 1618 558 1672 Tuee.l
576 1618 682 1688 legitur
704 1621 771 1686 (non
789 1649 823 1661 -
842 1628 906 1673 rant
923 1621 1114 1685 eonferenda).
1149 1617 1207 1671 Sed
1229 1632 1315 1688 quem

216 1709 325 1781 aliquid
363 1710 512 1763 terendum
547 1728 606 1765 eree
632 1709 694 1765 uiro
722 1711 801 1775 dieo,
838 1714 886 1764 uie
912 1715 1062 1779 serendum
1087 1707 1215 1782 primam
1251 1704 1314 1770 orit,

216 1803 291 1871 quod
318 1801 365 1855 uir
394 1802 530 1871 pertuleri
557 1821 574 1858 a
600 1821 743 1876 quoquam
772 1805 883 1874 pateat,
923 1811 956 1859 nt
973 1806 1050 1859 serat
1069 1802 1133 1872 (aia
1150 1801 1226 1876 praed
1240 1797 1315 1866 sarri

216 1896 342 1962 deleam
379 1895 447 1950 hine
473 1902 568 1950 antem
596 1915 748 1967 proxumae
783 1894 916 1951 tremitur
945 1903 988 1951 eat
1015 1897 1050 1950 ad
1078 1895 1124 1961 id,
1167 1893 1244 1964 quod
1268 1888 1313 1945 uix

215 1988 286 2042 lerri
313 1987 419 2057 poerit,
455 1988 680 2057 aignilieandum.
725 1991 825 2059 ltaque
848 2006 904 2043 non
929 1991 1022 2043 eolum
1041 1989 1133 2041 Gerar
1152 1992 1183 2040 et
1203 1986 1308 2040 Corae·

215 2080 272 2133 liae
305 2081 399 2149 Nepoe
430 2081 542 2134 nullam
573 2081 705 2135 timenter
739 2082 957 2152 ambiguitatem
990 2080 1032 2134 eie
1067 2076 1219 2141 dixerunt,
1263 2077 1309 2131 aie

218 2171 382 2224 eredendum
402 2187 477 2236 ceee,
516 2174 564 2226 aed
592 2174 690 2227 eodem
710 2176 794 2229 modo
815 2176 913 2228 Cicero
932 2176 1000 2241 (lV,
1035 2171 1085 2241 53)
1111 2172 1245 2226 dolorem
1267 2166 1310 2222 di·

218 2263 256 2318 eit
281 2281 409 2332 asperum
427 2269 453 2315 et
478 2265 525 2316 aie
545 2268 694 2331 serendum
711 2275 739 2321 et
765 2268 831 2338 (pro
856 2266 934 2320 Cael.
953 2267 1004 2334 37)
1023 2272 1119 2335 patrea
1144 2263 1257 2316 lerrcaa
1282 2262 1312 2313 at

217 2359 265 2410 uir
291 2341 434 2422 serendae.
480 2356 536 2410 Sed
562 2358 593 2410 hi
619 2377 717 2413 omnee
743 2360 772 2413 in
797 2361 853 2413 hae
878 2375 935 2413 una
960 2359 1055 2412 lorum
1077 2355 1154 2422 (uir)
1174 2349 1309 2407 martire·
1338 2348 1346 2361 ‘

218 2455 294 2514 runt,
315 2449 342 2503 in
361 2467 416 2501 non
429 2451 565 2514 serendae
584 2451 801 2521 ambiguitatem
819 2451 958 2513 uitarunt,
979 2468 1031 2503 nee
1047 2450 1081 2503 ael
1100 2447 1174 2501 illud
1201 2445 1253 2511 arie
1267 2444 1316 2511 se-

218 2543 320 2594 rendae
338 2541 489 2612 qniequnm
509 2540 694 2609 addiderunt,
714 2563 768 2615 qno
787 2542 877 2614 magle
897 2541 1034 2597 emineret
1055 2535 1203 2611 potentatie
1225 2535 1318 2610 rigni·

218 2633 324 2698 licatio,
343 2640 376 2687 ut
394 2650 412 2686 a
433 2634 546 2687 Uelleio
567 2636 604 2701 ll,
624 2635 660 2688 dii
677 2635 813 2705 aeriptam
832 2643 872 2689 at:
892 2652 937 2687 ree
955 2634 1004 2686 uie
1021 2634 1116 2686 maltie
1131 2629 1320 2684 aolumiaiiae

219 2725 390 2780 mereantur.
444 2727 553 2780 Deinde
580 2733 675 2780 aulem
701 2727 943 2796 npoeteriorilrne
962 2724 1067 2779 dietum
1085 2728 1114 2779 et
1137 2723 1227 2777 eliam
1247 2721 1321 2777 aelli

220 2821 382 2885 cernendae,
402 2838 455 2871 non
464 2822 684 2891 cognoscendae,
695 2821 730 2873 de
740 2837 784 2884 eo,
804 2817 1118 2890 quieernieognoreiue
1137 2833 1193 2871 non
1211 2816 1321 2886 pereat,

219 2913 293 2981 qnod
307 2930 397 2983 genna
416 2913 538 2967 Ouidiue
560 2913 668 2984 primae
686 2911 889 2982 frequentauit,
907 2928 975 2965 raro
994 2911 1090 2963 tumen
1109 2909 1168 2975 aie,
1199 2914 1233 2964 nt
1252 2924 1321 2963 οιιιι

219 3007 309 3060 uerbo
328 3023 387 3059 cere
404 3004 590 3075 coniungeret
611 3009 742 3074 (Metam.
763 3006 845 3069 Vlll,
879 3002 955 3070 785).
1013 3003 1046 3055 ln
1067 2998 1320 3067 nientieaateatiu

219 3097 315 3166 poenit
333 3096 361 3150 in
378 3099 455 3150 Part.
474 3100 521 3160 vt,
538 3098 607 3151 72⁰2
629 3100 764 3152 Continuo
791 3097 909 3165 Delphin
927 3101 1006 3147 noete
1023 3093 1160 3162 uidendae
1173 3092 1228 3145 crit
1245 3091 1323 3161 (Go-

220 3189 359 3258 genetand
385 3189 436 3240 der
457 3190 677 3261 Batrachtung).
731 3192 821 3244 Prom
846 3188 938 3243 oratio
966 3188 1014 3241 uol
1038 3189 1137 3255 poetae
1162 3181 1323 3240 motlcatlor

220 3280 278 3333 luit
295 3280 324 3332 in
346 3281 402 3332 hoe
418 3297 482 3335 neu.

292 3371 498 3433 Mneenrelram,
518 3371 691 3442 Panaetium)
708 3372 792 3437 lllire,
814 3391 900 3442 quom
917 3373 946 3427 in
965 3368 1067 3426 caterio
1088 3377 1251 3439 temporum
1269 3382 1321 3421 or·

221 3461 317 3516 dinem
336 3466 365 3516 ct
383 3463 535 3533 disciplina
553 3471 712 3530 serenaret,
749 3467 830 3533 (nam
848 3463 995 3536 Clrrpaeipi
1021 3463 1164 3533 lliogeacr
1188 3459 1322 3530 Babplav

221 3551 401 3618 niua,.lruiua
419 3556 568 3627 Antipater
587 3559 735 3612 Tareenaie
754 3560 868 3613 auditor
886 3558 1014 3623 luerat),
1053 3555 1082 3608 in
1108 3552 1154 3607 irie
1180 3550 1323 3617 inuertite

222 3663 289 3701 nam
306 3649 493 3704 Mnesarehae
511 3651 669 3704 Panaetium
698 3651 848 3712 audierat,
884 3655 947 3720 poet
972 3665 1055 3717 quem
1076 3645 1197 3701 Athenio
1225 3641 1323 3699 docuit

224 3741 273 3806 (de
292 3742 372 3796 Orat.
389 3747 420 3807 1,
448 3744 492 3808 to,
511 3743 598 3796 deod.
616 3745 654 3810 ll,
671 3744 735 3811 m),
754 3742 896 3797 Penatiue
908 3741 1100 3811 Antipatrum.
1153 3739 1213 3792 Ant
1230 3736 1322 3809 igitar

224 3832 324 3888 Cicero
343 3835 543 3906 neglegentiae
560 3835 673 3907 aeripelt
690 3837 742 3890 aut
758 3836 873 3890 nomina
892 3830 1063 3904 tranepmita
1080 3834 1163 3894 eunt,
1180 3835 1214 3884 nt
1233 3827 1321 3884 (inin

223 3931 312 3994 putet.

288 4019 459 4084 familiarem
477 4027 601 4073 noetram
620 4019 811 4088 Paridoniam)
832 4021 906 4073 Eum
926 4017 1026 4071 Cicero
1051 4016 1166 4069 uiderat
1184 4021 1215 4069 et
1239 4010 1322 4068 antli-

223 4115 306 4162 ucrat
322 4110 417 4164 erodi
437 4115 538 4180 (Tuae.
555 4114 593 4177 ll,
614 4113 659 4179 ul,
678 4115 713 4166 da
732 4113 767 4167 N.
786 4112 820 4164 D.
838 4118 862 4176 I,
879 4113 913 4177 6,
932 4109 1080 4164 Plutarch.
1101 4107 1160 4162 cie.
1179 4107 1222 4172 d).
1264 4107 1320 4160 lla·

224 4208 306 4256 norat
325 4202 413 4256 etiam
429 4207 551 4260 Romam
570 4206 646 4260 eirea
672 4206 703 4259 0.
730 4205 805 4259 Mari
825 4211 955 4258 mortem.
974 4201 1068 4267 (satu.
1084 4217 1113 4255 u.
1131 4194 1320 4263 Haerede'em,

223 4293 371 4350 Plutarch.
391 4297 464 4353 ilar.
482 4298 540 4366 tt).
575 4298 619 4351 Ad
638 4315 703 4352 eum
722 4296 821 4353 Gieero
840 4304 904 4367 port
921 4295 1099 4352 comulatam
1116 4292 1231 4350 litterar
1245 4287 1322 4349 mieit

225 4387 274 4454 (ad
293 4390 350 4444 dtt.
372 4390 408 4454 ll,
426 4395 462 4459 1).
