2706 5018
122 379 185 440 422
479 373 539 437 DE
561 369 739 439 FINlBUS
762 369 867 439 BON.

128 570 349 657 expetendum
385 570 447 645 sit,
481 589 576 653 quam
604 588 720 652 sapere
746 565 874 644 solum,
905 586 1008 652 neque
1027 580 1118 629 taum

127 692 299 760 utrumque
318 676 361 737 sit
383 677 622 739 aestumatione
643 675 791 759 dignum,
815 672 921 758 pluris
939 675 982 737 sit
1002 674 1124 737 conisae

127 805 224 868 quam
254 802 371 865 sapere
401 783 507 866 ipsum
542 791 741 864 separatum.
808 777 893 844 Nam
924 782 979 865 qui
1000 776 1124 843 ualetndi

127 890 367 954 aestumatione
397 885 509 972 aliqua
534 886 668 971 dignam
698 885 901 963 iudicamus,
949 906 1053 972 neque
1074 906 1124 949 ean

127 1018 200 1059 men
234 997 268 1057 in
294 991 389 1056 bonis
414 995 591 1077 ponimus,
642 992 741 1055 iidem
765 1012 958 1071 censemus,
1004 989 1118 1055 nullam

128 1115 252 1165 tantam
273 1101 566 1177 aestumationem,
589 1110 624 1160 ut
648 1120 688 1162 aa
713 1100 826 1162 uirtuti
851 1111 1078 1184 anteponatur.
1118 1099 1124 1158 t

130 1209 216 1272 idem
238 1206 449 1291 Peripatetici
473 1226 537 1269 non
561 1218 691 1283 tenent,
725 1203 843 1290 quibus
868 1206 1042 1269 dicendum
1068 1216 1112 1279 st,

133 1329 165 1377 ot
190 1314 329 1376 honesta
351 1313 436 1374 actio
457 1313 500 1374 sit
525 1324 558 1374 et
577 1313 649 1372 sine
672 1310 807 1391 dolore,
849 1333 922 1374 aaut
941 1312 1048 1395 magis
1069 1329 1124 1372 esst

133 1420 326 1503 petendam,
359 1419 507 1503 quamsi
533 1430 621 1479 esset
644 1418 757 1481 eadem
782 1419 868 1482 aetio
893 1440 967 1482 eum
993 1415 1112 1479 dolore.

131 1526 181 1589 bis
203 1523 301 1588 aliter
325 1524 474 1598 uidetar;
520 1535 608 1587 reete
633 1544 793 1601 secusne,
816 1535 951 1608 postea;
998 1520 1055 1586 sed
1077 1531 1124 1606 pot

131 1652 238 1695 rerum
264 1631 368 1694 maior
390 1650 464 1693 esse
487 1628 671 1694 dissensio!

219 1735 317 1801 XIV.
359 1738 413 1800 45.
450 1735 494 1802 Ut
528 1739 615 1800 enim
649 1732 842 1799 obscuratur
873 1746 906 1796 et
936 1733 1113 1797 offunditur

132 1841 213 1906 solie
244 1842 356 1906 lumen
388 1842 562 1922 lucernae,
607 1855 639 1904 et
670 1854 706 1904 ut
733 1842 845 1904 interit
876 1839 1124 1925 magnitudine

133 1949 261 2034 Aegaei
292 1947 384 2012 stilla
406 1947 535 2026 mellis,
566 1961 598 2011 et
622 1961 656 2010 ut
678 1949 712 2009 in
737 1946 863 2009 diuitiis
884 1943 1001 2010 Croesi
1025 1960 1124 2010 terunt

133 2057 258 2134 cessio,
302 2068 334 2119 et
366 2056 487 2141 gradus
516 2074 599 2118 unus
632 2056 665 2115 in
691 2074 731 2116 ea
754 2053 826 2130 uia,
860 2065 997 2135 quaest
1021 2052 1122 2116 hiuci

133 2159 232 2237 diam,
256 2163 316 2240 sio,
338 2163 497 2246 quamsit
519 2162 548 2225 is
570 2157 729 2223 bonorum
753 2155 842 2237 finis,
862 2179 960 2243 quem
981 2159 1084 2222 Stoici
1101 2156 1124 2219 di

133 2267 238 2328 omnis
262 2267 324 2329 ista
348 2288 457 2330 rarum
480 2287 708 2349 corporearum
744 2267 940 2328 aestumatio
963 2263 1124 2349 splendore

188 2453 310 2505 utramque
324 2447 364 2501 sit)
378 2455 510 2507 utrumque
527 2449 610 2495 libor.
651 2448 809 2502 oontnnetunt)
826 2447 906 2493 otu-P
935 2447 1079 2507 neaeman)
1092 2458 1124 2501 κ]

132 2527 179 2571 ΡΜ
212 2523 350 2578 iudicamus)
365 2526 494 2571 uidemus
507 2526 599 2572 PMCR
633 2537 686 2571 sam
697 2526 785 2580 tamen)
798 2531 883 2569 tamen
899 2538 955 2569 sana
967 2523 1081 2570 Leston
1104 2522 1124 2566 u«

133 2601 207 2648 estid
242 2603 359 2659 potestne)
371 2602 496 2658 postness
558 2601 593 2648 45.
608 2599 745 2653 offunditur)
759 2601 899 2656 effunditur
913 2600 958 2644 GR
990 2605 1016 2646 et
1029 2601 1064 2655 nt)
1077 2596 1124 2646 sti

133 2679 171 2734 iis)
185 2680 263 2723 maris
277 2678 316 2722 Po
332 2679 408 2722 maris
425 2678 492 2722 lontt
511 2677 633 2722 Lnurtoe
649 2677 741 2723 Midon.
774 2676 1005 2731 cructuationem
1033 2676 1063 2731 is)
1075 2688 1116 2722 οι

132 2756 300 2813 possusumus
315 2767 419 2811 corpore
433 2754 522 2799 aarum
535 2753 628 2800 BMUR
643 2755 847 2810 incorporearum
855 2752 894 2797 Pu
911 2754 938 2797 tn
953 2766 1058 2810 corpore
1070 2756 1124 2799 situ

133 2921 215 2979 sunt,
235 2930 290 2966 noa
308 2918 420 2966 secutas
438 2928 516 2975 stim,
551 2910 618 2982 qnia
637 2909 664 2963 iu
684 2911 846 2965 huiusmodi
863 2912 1018 2983 hypothesi
1036 2909 1124 2964 uerbo

133 3015 210 3061 recte
238 3003 386 3060 omittitur.
441 3003 518 3056 Tum
544 3003 695 3071 separatim
710 2999 796 3056 etiam
820 3020 842 3067 ψ
870 3006 943 3069 (Eri.
971 3004 1060 3058 Gaius
1084 3002 1124 3057 adt

134 3107 245 3154 ueteres
269 3097 397 3168 quadem
423 3093 571 3148 editiones.
625 3097 692 3149 Mox
719 3096 873 3149 iudicamus
898 3096 1025 3150 restituit
1050 3095 1124 3151 Gsntt

134 3192 222 3247 Paul
240 3188 449 3261 (ιιιςίιιοῦιιιι,
468 3186 554 3257 Spin,
575 3188 649 3241 (ind.
663 3188 689 3252 1,
701 3188 871 3249 Moreiiano,
890 3189 926 3241 de
939 3188 1124 3258 quoesntiit

135 3285 178 3338 ed.
197 3300 224 3337 a.
243 3281 346 3349 nso),
383 3298 443 3333 eam
461 3286 552 3333 tamen
571 3280 637 3349 (pm
657 3287 747 3334 tamen
766 3282 838 3346 ωιιι)
857 3281 946 3336 Gsius
963 3298 980 3334 a
999 3280 1124 3349 tributu

135 3374 192 3429 suis
209 3375 289 3427 codd.

205 3467 275 3536 Gap.
294 3466 380 3529 xlv,
401 3467 442 3522 dd.
477 3467 555 3520 stitia
571 3467 673 3534 meltis)
690 3465 733 3522 ita
750 3472 781 3521 ut
799 3465 859 3518 eius
871 3464 992 3518 dulcedo
1009 3483 1066 3520 ιοιι
1082 3465 1124 3537 sd}

133 3558 182 3613 sie
200 3557 307 3628 legitur
324 3556 353 3610 iu
373 3559 514 3613 codicibus
533 3558 714 3628 incorruptis,
733 3558 818 3611 etiam
831 3555 919 3628 Spin,
938 3558 1025 3624 Mon,
1044 3558 1124 3631 negiu

134 3648 172 3718 (si
191 3649 263 3705 Gaio
281 3647 438 3716 oredimus,
474 3653 560 3706 etiam
582 3654 647 3705 Bas.
668 3656 695 3704 et
713 3649 845 3715 (suut).
900 3655 933 3702 lu
955 3649 1124 3713 duonum.

134 3749 278 3804 secuntur,
297 3740 437 3821 simititms
449 3744 520 3798 Coto
538 3743 627 3799 utitur
646 3744 775 3813 exemplo
790 3742 936 3813 partiendo
954 3736 1124 3797 minumus?

132 3835 245 3906 generis
263 3833 395 3900 adiectoe3
417 3834 446 3887 in
465 3836 519 3890 hoc
536 3834 625 3889 simili
645 3832 811 3899 minumum,
833 3834 906 3904 quod
925 3833 1057 3902 sdicitur,
1075 3851 1109 3889 ex

133 3942 239 3997 ganono
257 3926 345 3995 (mei)
367 3943 452 3996 quam
470 3926 518 3992 id,
537 3928 582 3981 eui
603 3927 735 3982 adicitur.
771 3927 804 3979 ld
823 3924 956 3981 librarios
975 3927 1111 3993 offendi&

108 4060 112 4067 .
131 4016 312 4088 scriptumst
330 4018 409 4071 stilla
427 4019 515 4070 maris
533 4020 617 4086 (on.
639 4018 739 4086 Εΰξχ,
777 4020 852 4074 Gud.
872 4018 909 4084 2,
928 4019 1048 4087 Uind.);
1082 4018 1124 4073 sod

132 4126 212 4180 aqua
229 4109 346 4165 masin·
364 4109 483 4165 dicenda
505 4118 575 4165 emt.
617 4113 726 4166 Deinde
746 4113 853 4167 iactum
870 4113 985 4179 nario,
1002 4111 1095 4183 quod,
1112 4126 1124 4165 ι

132 4201 234 4272 prima,
253 4199 398 4268 editiones,
416 4221 486 4274 quas
499 4204 576 4268 noui,
599 4209 697 4260 teuent
713 4206 812 4274 (Grut.
831 4211 859 4260 et
877 4206 949 4260 Dea.
968 4202 1124 4274 tacitam

132 4294 172 4347 sit·
194 4294 244 4349 ox.
266 4311 296 4359 ψ.
331 4296 386 4351 Sed
406 4298 496 4351 mimia
518 4297 603 4352 etiam
622 4300 658 4352 ab
677 4315 753 4370 aqua
771 4297 885 4355 marina
901 4298 1009 4354 differt.

202 4404 293 4442 reram
307 4392 515 4459 corporeorum)
543 4392 640 4448 ,codd
673 4392 807 4447 meliores
841 4399 869 4446 et
902 4390 1075 4449 deteriora·
1101 4392 1124 4461 μ’

765 4674 773 4709 i
