<?xml version="1.0" encoding="UTF-8"?>
<!DOCTYPE html PUBLIC "-//W3C//DTD XHTML 1.0 Transitional//EN"
    "http://www.w3.org/TR/xhtml1/DTD/xhtml1-transitional.dtd">
<html xmlns="http://www.w3.org/1999/xhtml" xml:lang="en" lang="en">
 <head>
  <title>
</title>
<meta http-equiv="Content-Type" content="text/html;charset=utf-8" />
  <meta name='ocr-system' content='tesseract 3.04.00' />
  <meta name='ocr-capabilities' content='ocr_page ocr_carea ocr_par ocr_line ocrx_word'/>
</head>
<body>
  <div class='ocr_page' id='page_1' title='image "./mtulliciceronis00madvgoog_0217.png"; bbox 0 0 2706 5018; ppageno 0'>
   <div class='ocr_carea' id='block_1_1' title="bbox 146 378 881 451">
    <p class='ocr_par' dir='ltr' id='par_1_1' title="bbox 146 378 881 451">
     <span class='ocr_line' id='line_1_1' title="bbox 146 378 881 451; baseline -0.008 0"><span class='ocrx_word' id='word_1_1' title='bbox 146 390 208 451; x_wconf 77' lang='grc'><strong>140</strong></span> <span class='ocrx_word' id='word_1_2' title='bbox 289 410 294 420; x_wconf 75' lang='grc'>’</span> <span class='ocrx_word' id='word_1_3' title='bbox 496 381 557 446; x_wconf 81' lang='lat' dir='ltr'><strong>DE</strong></span> <span class='ocrx_word' id='word_1_4' title='bbox 580 378 756 447; x_wconf 80' lang='lat' dir='ltr'><strong>FlNlllUS</strong></span> <span class='ocrx_word' id='word_1_5' title='bbox 778 378 881 448; x_wconf 72' lang='lat' dir='ltr'><strong>Bou.</strong></span> 
     </span>
    </p>
   </div>
   <div class='ocr_carea' id='block_1_2' title="bbox 139 574 1202 2465">
    <p class='ocr_par' dir='ltr' id='par_1_2' title="bbox 139 574 1202 2465">
     <span class='ocr_line' id='line_1_2' title="bbox 144 574 1202 667; baseline -0.003 -23"><span class='ocrx_word' id='word_1_6' title='bbox 144 580 371 667; x_wconf 89' lang='lat' dir='ltr'><strong>spondissent‚</strong></span> <span class='ocrx_word' id='word_1_7' title='bbox 401 579 430 638; x_wconf 90' lang='lat' dir='ltr'><strong>si</strong></span> <span class='ocrx_word' id='word_1_8' title='bbox 453 576 529 661; x_wconf 90' lang='lat' dir='ltr'><strong>quid</strong></span> <span class='ocrx_word' id='word_1_9' title='bbox 552 579 736 657; x_wconf 86' lang='lat' dir='ltr'><strong>uideretur,</strong></span> <span class='ocrx_word' id='word_1_10' title='bbox 769 579 902 641; x_wconf 81' lang='lat' dir='ltr'><strong>diceret.</strong></span> <span class='ocrx_word' id='word_1_11' title='bbox 951 574 1018 652; x_wconf 81' lang='lat' dir='ltr'><strong>Qut</strong></span> <span class='ocrx_word' id='word_1_12' title='bbox 1044 597 1119 640; x_wconf 88' lang='lat' dir='ltr'><strong>mos</strong></span> <span class='ocrx_word' id='word_1_13' title='bbox 1145 599 1202 664; x_wconf 87' lang='lat' dir='ltr'><strong>qna</strong></span> 
     </span>
     <span class='ocr_line' id='line_1_3' title="bbox 145 681 1202 772; baseline -0.004 -21"><span class='ocrx_word' id='word_1_14' title='bbox 145 710 164 751; x_wconf 92' lang='lat' dir='ltr'><strong>a</strong></span> <span class='ocrx_word' id='word_1_15' title='bbox 187 683 423 772; x_wconf 72' lang='lat' dir='ltr'>posterioribus</span> <span class='ocrx_word' id='word_1_16' title='bbox 447 704 510 746; x_wconf 94' lang='lat' dir='ltr'><strong>non</strong></span> <span class='ocrx_word' id='word_1_17' title='bbox 534 697 620 747; x_wconf 90' lang='lat' dir='ltr'><strong>esset</strong></span> <span class='ocrx_word' id='word_1_18' title='bbox 643 697 807 760; x_wconf 88' lang='lat' dir='ltr'><strong>retentus,</strong></span> <span class='ocrx_word' id='word_1_19' title='bbox 851 681 1021 746; x_wconf 76' lang='lat' dir='ltr'><strong>Arcesilas</strong></span> <span class='ocrx_word' id='word_1_20' title='bbox 1043 706 1122 747; x_wconf 86' lang='lat' dir='ltr'><strong>eum</strong></span> <span class='ocrx_word' id='word_1_21' title='bbox 1146 706 1202 747; x_wconf 85' lang='lat' dir='ltr'><strong>rea</strong></span> 
     </span>
     <span class='ocr_line' id='line_1_4' title="bbox 145 787 1202 875; baseline -0.005 -19"><span class='ocrx_word' id='word_1_22' title='bbox 145 795 254 870; x_wconf 86' lang='lat' dir='ltr'><strong>cauit,</strong></span> <span class='ocrx_word' id='word_1_23' title='bbox 285 792 510 874; x_wconf 72' lang='lat' dir='ltr'><strong>instituitque,</strong></span> <span class='ocrx_word' id='word_1_24' title='bbox 533 802 568 851; x_wconf 92' lang='lat' dir='ltr'><strong>ut</strong></span> <span class='ocrx_word' id='word_1_25' title='bbox 593 791 635 868; x_wconf 90' lang='lat' dir='ltr'><strong>ii,</strong></span> <span class='ocrx_word' id='word_1_26' title='bbox 660 792 712 875; x_wconf 89' lang='lat' dir='ltr'><strong>qui</strong></span> <span class='ocrx_word' id='word_1_27' title='bbox 737 811 773 852; x_wconf 86' lang='lat' dir='ltr'><strong>se</strong></span> <span class='ocrx_word' id='word_1_28' title='bbox 800 790 914 853; x_wconf 85' lang='lat' dir='ltr'><strong>audire</strong></span> <span class='ocrx_word' id='word_1_29' title='bbox 939 787 1088 869; x_wconf 89' lang='lat' dir='ltr'><strong>uellent,</strong></span> <span class='ocrx_word' id='word_1_30' title='bbox 1110 811 1175 854; x_wconf 89' lang='lat' dir='ltr'><strong>non</strong></span> <span class='ocrx_word' id='word_1_31' title='bbox 1196 814 1202 851; x_wconf 87' lang='lat' dir='ltr'><strong>t</strong></span> 
     </span>
     <span class='ocr_line' id='line_1_5' title="bbox 145 895 1202 984; baseline -0.003 -23"><span class='ocrx_word' id='word_1_32' title='bbox 145 921 180 963; x_wconf 89' lang='lat' dir='ltr'><strong>se</strong></span> <span class='ocrx_word' id='word_1_33' title='bbox 201 908 413 984; x_wconf 77' lang='lat' dir='ltr'><strong>quaererent,</strong></span> <span class='ocrx_word' id='word_1_34' title='bbox 461 895 517 957; x_wconf 90' lang='lat' dir='ltr'><strong>sed</strong></span> <span class='ocrx_word' id='word_1_35' title='bbox 544 897 607 979; x_wconf 90' lang='lat' dir='ltr'><strong>ipsi</strong></span> <span class='ocrx_word' id='word_1_36' title='bbox 629 895 792 975; x_wconf 79' lang='lat' dir='ltr'><strong>dicerent,</strong></span> <span class='ocrx_word' id='word_1_37' title='bbox 824 896 902 982; x_wconf 89' lang='lat' dir='ltr'><strong>quid</strong></span> <span class='ocrx_word' id='word_1_38' title='bbox 924 898 1105 971; x_wconf 87' lang='lat' dir='ltr'><strong>sentirent;</strong></span> <span class='ocrx_word' id='word_1_39' title='bbox 1152 917 1202 982; x_wconf 85' lang='lat' dir='ltr'><strong>qm</strong></span> 
     </span>
     <span class='ocr_line' id='line_1_6' title="bbox 144 999 1202 1091; baseline -0.005 -23"><span class='ocrx_word' id='word_1_40' title='bbox 144 1028 241 1091; x_wconf 87' lang='lat' dir='ltr'><strong>quom</strong></span> <span class='ocrx_word' id='word_1_41' title='bbox 271 1005 454 1078; x_wconf 84' lang='lat' dir='ltr'><strong>dixissent,</strong></span> <span class='ocrx_word' id='word_1_42' title='bbox 496 999 554 1063; x_wconf 89' lang='lat' dir='ltr'><strong>ille</strong></span> <span class='ocrx_word' id='word_1_43' title='bbox 586 1013 708 1065; x_wconf 91' lang='lat' dir='ltr'><strong>contra.</strong></span> <span class='ocrx_word' id='word_1_44' title='bbox 772 1003 837 1066; x_wconf 85' lang='lat' dir='ltr'><strong>Sed</strong></span> <span class='ocrx_word' id='word_1_45' title='bbox 871 1024 945 1064; x_wconf 85' lang='lat' dir='ltr'><strong>eum</strong></span> <span class='ocrx_word' id='word_1_46' title='bbox 968 1002 1025 1087; x_wconf 88' lang='lat' dir='ltr'><strong>qui</strong></span> <span class='ocrx_word' id='word_1_47' title='bbox 1048 999 1202 1065; x_wconf 82' lang='lat' dir='ltr'><strong>audiebas</strong></span> 
     </span>
     <span class='ocr_line' id='line_1_7' title="bbox 144 1106 1202 1196; baseline -0.004 -23"><span class='ocrx_word' id='word_1_48' title='bbox 144 1111 250 1196; x_wconf 90' lang='lat' dir='ltr'><strong>quoad</strong></span> <span class='ocrx_word' id='word_1_49' title='bbox 274 1120 441 1191; x_wconf 86' lang='lat' dir='ltr'><strong>poterant,</strong></span> <span class='ocrx_word' id='word_1_50' title='bbox 470 1106 690 1171; x_wconf 80' lang='lat' dir='ltr'><strong>defendebant</strong></span> <span class='ocrx_word' id='word_1_51' title='bbox 711 1109 907 1172; x_wconf 88' lang='lat' dir='ltr'><strong>sententiam</strong></span> <span class='ocrx_word' id='word_1_52' title='bbox 932 1129 1046 1187; x_wconf 71' lang='lat' dir='ltr'><strong>suam,</strong></span> <span class='ocrx_word' id='word_1_53' title='bbox 1075 1107 1159 1190; x_wconf 87' lang='lat' dir='ltr'><strong>apud</strong></span> <span class='ocrx_word' id='word_1_54' title='bbox 1180 1128 1202 1169; x_wconf 80' lang='lat' dir='ltr'><strong>ct</strong></span> 
     </span>
     <span class='ocr_line' id='line_1_8' title="bbox 143 1211 1202 1302; baseline -0.003 -23"><span class='ocrx_word' id='word_1_55' title='bbox 143 1230 231 1279; x_wconf 91' lang='lat' dir='ltr'><strong>teros</strong></span> <span class='ocrx_word' id='word_1_56' title='bbox 262 1228 370 1278; x_wconf 89' lang='lat' dir='ltr'><strong>autem</strong></span> <span class='ocrx_word' id='word_1_57' title='bbox 394 1211 627 1295; x_wconf 84' lang='lat' dir='ltr'><strong>philosophos,</strong></span> <span class='ocrx_word' id='word_1_58' title='bbox 670 1219 724 1300; x_wconf 92' lang='lat' dir='ltr'><strong>qui</strong></span> <span class='ocrx_word' id='word_1_59' title='bbox 749 1217 913 1302; x_wconf 90' lang='lat' dir='ltr'><strong>quaesiuit</strong></span> <span class='ocrx_word' id='word_1_60' title='bbox 937 1213 1085 1300; x_wconf 88' lang='lat' dir='ltr'><strong>aliquid,</strong></span> <span class='ocrx_word' id='word_1_61' title='bbox 1132 1226 1202 1276; x_wconf 86' lang='lat' dir='ltr'><strong>tacet</strong></span> 
     </span>
     <span class='ocr_line' id='line_1_9' title="bbox 143 1318 1198 1406; baseline -0.002 -23"><span class='ocrx_word' id='word_1_62' title='bbox 143 1323 227 1406; x_wconf 90' lang='lat' dir='ltr'><strong>quod</strong></span> <span class='ocrx_word' id='word_1_63' title='bbox 252 1321 380 1406; x_wconf 90' lang='lat' dir='ltr'><strong>quidem</strong></span> <span class='ocrx_word' id='word_1_64' title='bbox 402 1323 466 1382; x_wconf 89' lang='lat' dir='ltr'><strong>iam</strong></span> <span class='ocrx_word' id='word_1_65' title='bbox 490 1318 528 1382; x_wconf 87' lang='lat' dir='ltr'><strong>fit</strong></span> <span class='ocrx_word' id='word_1_66' title='bbox 549 1326 647 1384; x_wconf 91' lang='lat' dir='ltr'><strong>etiam</strong></span> <span class='ocrx_word' id='word_1_67' title='bbox 673 1323 707 1384; x_wconf 93' lang='lat' dir='ltr'><strong>in</strong></span> <span class='ocrx_word' id='word_1_68' title='bbox 733 1321 922 1385; x_wconf 78' lang='lat' dir='ltr'><strong>Academia.</strong></span> <span class='ocrx_word' id='word_1_69' title='bbox 990 1318 1057 1385; x_wconf 89' lang='lat' dir='ltr'><strong>Ubi</strong></span> <span class='ocrx_word' id='word_1_70' title='bbox 1084 1319 1198 1382; x_wconf 89' lang='lat' dir='ltr'><strong>enimi</strong></span> 
     </span>
     <span class='ocr_line' id='line_1_10' title="bbox 142 1425 1202 1514; baseline 0.003 -26"><span class='ocrx_word' id='word_1_71' title='bbox 142 1430 197 1514; x_wconf 84' lang='lat' dir='ltr'><strong>qui</strong></span> <span class='ocrx_word' id='word_1_72' title='bbox 230 1428 342 1489; x_wconf 89' lang='lat' dir='ltr'><strong>audire</strong></span> <span class='ocrx_word' id='word_1_73' title='bbox 375 1425 464 1504; x_wconf 90' lang='lat' dir='ltr'><strong>uolt,</strong></span> <span class='ocrx_word' id='word_1_74' title='bbox 505 1429 551 1489; x_wconf 91' lang='lat' dir='ltr'><strong>ita</strong></span> <span class='ocrx_word' id='word_1_75' title='bbox 575 1427 679 1491; x_wconf 82' lang='lat' dir='ltr'><strong>dixit:</strong></span> <span class='ocrx_word' id='word_1_76' title='bbox 720 1426 882 1511; x_wconf 87' lang='lat' dir='ltr'><strong>Uoluptas</strong></span> <span class='ocrx_word' id='word_1_77' title='bbox 904 1425 983 1490; x_wconf 89' lang='lat' dir='ltr'><strong>mihi</strong></span> <span class='ocrx_word' id='word_1_78' title='bbox 1009 1427 1202 1491; x_wconf 78' lang='lat' dir='ltr'><strong>uideturea</strong></span> 
     </span>
     <span class='ocr_line' id='line_1_11' title="bbox 141 1530 1202 1617; baseline 0.002 -22"><span class='ocrx_word' id='word_1_79' title='bbox 141 1554 303 1595; x_wconf 89' lang='lat' dir='ltr'><strong>summum</strong></span> <span class='ocrx_word' id='word_1_80' title='bbox 336 1530 478 1610; x_wconf 89' lang='lat' dir='ltr'><strong>bonum,</strong></span> <span class='ocrx_word' id='word_1_81' title='bbox 525 1545 683 1617; x_wconf 89' lang='lat' dir='ltr'><strong>perpetua</strong></span> <span class='ocrx_word' id='word_1_82' title='bbox 713 1536 861 1597; x_wconf 91' lang='lat' dir='ltr'><strong>oratioue</strong></span> <span class='ocrx_word' id='word_1_83' title='bbox 890 1546 1004 1597; x_wconf 87' lang='lat' dir='ltr'><strong>contra</strong></span> <span class='ocrx_word' id='word_1_84' title='bbox 1041 1533 1202 1614; x_wconf 77' lang='lat' dir='ltr'><strong>disputatur</strong></span> 
     </span>
     <span class='ocr_line' id='line_1_12' title="bbox 141 1635 1202 1724; baseline 0.001 -24"><span class='ocrx_word' id='word_1_85' title='bbox 141 1652 177 1700; x_wconf 91' lang='lat' dir='ltr'><strong>ut</strong></span> <span class='ocrx_word' id='word_1_86' title='bbox 199 1636 296 1700; x_wconf 86' lang='lat' dir='ltr'><strong>facile</strong></span> <span class='ocrx_word' id='word_1_87' title='bbox 319 1635 469 1722; x_wconf 87' lang='lat' dir='ltr'><strong>intellegi</strong></span> <span class='ocrx_word' id='word_1_88' title='bbox 492 1641 613 1722; x_wconf 87' lang='lat' dir='ltr'><strong>possit,</strong></span> <span class='ocrx_word' id='word_1_89' title='bbox 635 1661 711 1717; x_wconf 90' lang='lat' dir='ltr'><strong>eos,</strong></span> <span class='ocrx_word' id='word_1_90' title='bbox 749 1641 803 1724; x_wconf 89' lang='lat' dir='ltr'><strong>qui</strong></span> <span class='ocrx_word' id='word_1_91' title='bbox 827 1637 950 1723; x_wconf 92' lang='lat' dir='ltr'><strong>aliquid</strong></span> <span class='ocrx_word' id='word_1_92' title='bbox 971 1636 1037 1700; x_wconf 87' lang='lat' dir='ltr'><strong>sibi</strong></span> <span class='ocrx_word' id='word_1_93' title='bbox 1058 1637 1156 1699; x_wconf 89' lang='lat' dir='ltr'><strong>uideri</strong></span> <span class='ocrx_word' id='word_1_94' title='bbox 1175 1636 1202 1701; x_wconf 87' lang='lat' dir='ltr'><strong>di</strong></span> 
     </span>
     <span class='ocr_line' id='line_1_13' title="bbox 141 1741 1202 1828; baseline -0.002 -19"><span class='ocrx_word' id='word_1_95' title='bbox 141 1758 233 1822; x_wconf 90' lang='lat' dir='ltr'><strong>cant,</strong></span> <span class='ocrx_word' id='word_1_96' title='bbox 281 1765 346 1806; x_wconf 92' lang='lat' dir='ltr'><strong>non</strong></span> <span class='ocrx_word' id='word_1_97' title='bbox 370 1746 460 1828; x_wconf 87' lang='lat' dir='ltr'><strong>ipsos</strong></span> <span class='ocrx_word' id='word_1_98' title='bbox 483 1746 516 1807; x_wconf 94' lang='lat' dir='ltr'><strong>in</strong></span> <span class='ocrx_word' id='word_1_99' title='bbox 540 1767 579 1807; x_wconf 88' lang='lat' dir='ltr'><strong>ea</strong></span> <span class='ocrx_word' id='word_1_100' title='bbox 601 1747 764 1808; x_wconf 89' lang='lat' dir='ltr'><strong>sententia</strong></span> <span class='ocrx_word' id='word_1_101' title='bbox 784 1766 877 1822; x_wconf 90' lang='lat' dir='ltr'><strong>esse,</strong></span> <span class='ocrx_word' id='word_1_102' title='bbox 925 1744 982 1806; x_wconf 92' lang='lat' dir='ltr'><strong>sed</strong></span> <span class='ocrx_word' id='word_1_103' title='bbox 1007 1743 1119 1807; x_wconf 89' lang='lat' dir='ltr'><strong>audire</strong></span> <span class='ocrx_word' id='word_1_104' title='bbox 1141 1741 1202 1807; x_wconf 87' lang='lat' dir='ltr'><strong>uellt</strong></span> 
     </span>
     <span class='ocr_line' id='line_1_14' title="bbox 141 1847 1202 1935; baseline -0.002 -22"><span class='ocrx_word' id='word_1_105' title='bbox 141 1853 313 1914; x_wconf 85' lang='lat' dir='ltr'><strong>contraria.</strong></span> <span class='ocrx_word' id='word_1_106' title='bbox 360 1853 392 1913; x_wconf 78' lang='lat'><strong>3.</strong></span> <span class='ocrx_word' id='word_1_107' title='bbox 416 1849 485 1914; x_wconf 87' lang='lat' dir='ltr'><strong>Nos</strong></span> <span class='ocrx_word' id='word_1_108' title='bbox 507 1849 708 1913; x_wconf 86' lang='lat' dir='ltr'><strong>commodius</strong></span> <span class='ocrx_word' id='word_1_109' title='bbox 730 1853 870 1935; x_wconf 80' lang='lat' dir='ltr'><strong>agimus.</strong></span> <span class='ocrx_word' id='word_1_110' title='bbox 912 1847 988 1912; x_wconf 89' lang='lat' dir='ltr'><strong>Non</strong></span> <span class='ocrx_word' id='word_1_111' title='bbox 1013 1853 1100 1913; x_wconf 91' lang='lat' dir='ltr'><strong>enim</strong></span> <span class='ocrx_word' id='word_1_112' title='bbox 1123 1847 1202 1912; x_wconf 78' lang='lat' dir='ltr'><strong>solua</strong></span> 
     </span>
     <span class='ocr_line' id='line_1_15' title="bbox 140 1955 1202 2041; baseline -0.004 -23"><span class='ocrx_word' id='word_1_113' title='bbox 140 1955 328 2041; x_wconf 84' lang='lat' dir='ltr'><strong>Torquatus</strong></span> <span class='ocrx_word' id='word_1_114' title='bbox 352 1956 449 2033; x_wconf 83' lang='lat' dir='ltr'><strong>dixit,</strong></span> <span class='ocrx_word' id='word_1_115' title='bbox 478 1957 555 2040; x_wconf 92' lang='lat' dir='ltr'><strong>quid</strong></span> <span class='ocrx_word' id='word_1_116' title='bbox 578 1959 734 2033; x_wconf 86' lang='lat' dir='ltr'><strong>sentiret,</strong></span> <span class='ocrx_word' id='word_1_117' title='bbox 764 1958 821 2019; x_wconf 91' lang='lat' dir='ltr'><strong>sed</strong></span> <span class='ocrx_word' id='word_1_118' title='bbox 844 1958 955 2034; x_wconf 90' lang='lat' dir='ltr'><strong>etiam,</strong></span> <span class='ocrx_word' id='word_1_119' title='bbox 978 1977 1047 2019; x_wconf 90' lang='lat' dir='ltr'><strong>eur.</strong></span> <span class='ocrx_word' id='word_1_120' title='bbox 1081 1956 1202 2041; x_wconf 82' lang='lat' dir='ltr'><strong>Egone·</strong></span> 
     </span>
     <span class='ocr_line' id='line_1_16' title="bbox 139 2058 1202 2146; baseline -0.003 -24"><span class='ocrx_word' id='word_1_121' title='bbox 139 2073 205 2123; x_wconf 89' lang='lat' dir='ltr'><strong>tem</strong></span> <span class='ocrx_word' id='word_1_122' title='bbox 237 2058 396 2139; x_wconf 88' lang='lat' dir='ltr'><strong>arbitror,</strong></span> <span class='ocrx_word' id='word_1_123' title='bbox 443 2083 637 2146; x_wconf 88' lang='lat' dir='ltr'><strong>quaruquam</strong></span> <span class='ocrx_word' id='word_1_124' title='bbox 664 2063 837 2126; x_wconf 86' lang='lat' dir='ltr'><strong>admodum</strong></span> <span class='ocrx_word' id='word_1_125' title='bbox 861 2061 1043 2124; x_wconf 90' lang='lat' dir='ltr'><strong>delectatus</strong></span> <span class='ocrx_word' id='word_1_126' title='bbox 1065 2083 1133 2124; x_wconf 90' lang='lat' dir='ltr'><strong>sum</strong></span> <span class='ocrx_word' id='word_1_127' title='bbox 1151 2060 1202 2123; x_wconf 83' lang='lat' dir='ltr'><strong>eirt</strong></span> 
     </span>
     <span class='ocr_line' id='line_1_17' title="bbox 139 2162 1202 2253; baseline -0.002 -24"><span class='ocrx_word' id='word_1_128' title='bbox 139 2170 287 2230; x_wconf 88' lang='lat' dir='ltr'><strong>oratione</strong></span> <span class='ocrx_word' id='word_1_129' title='bbox 318 2182 495 2250; x_wconf 88' lang='lat' dir='ltr'><strong>perpetua,</strong></span> <span class='ocrx_word' id='word_1_130' title='bbox 540 2184 648 2232; x_wconf 88' lang='lat' dir='ltr'><strong>tamen</strong></span> <span class='ocrx_word' id='word_1_131' title='bbox 683 2170 905 2245; x_wconf 88' lang='lat' dir='ltr'><strong>commodius,</strong></span> <span class='ocrx_word' id='word_1_132' title='bbox 952 2190 1050 2253; x_wconf 91' lang='lat' dir='ltr'><strong>quom</strong></span> <span class='ocrx_word' id='word_1_133' title='bbox 1075 2171 1106 2229; x_wconf 91' lang='lat' dir='ltr'><strong>in</strong></span> <span class='ocrx_word' id='word_1_134' title='bbox 1129 2162 1202 2228; x_wconf 73' lang='lat' dir='ltr'><strong>retu</strong></span> 
     </span>
     <span class='ocr_line' id='line_1_18' title="bbox 141 2268 1202 2360; baseline -0.004 -26"><span class='ocrx_word' id='word_1_135' title='bbox 141 2270 282 2356; x_wconf 83' lang='lat' dir='ltr'><strong>singulis</strong></span> <span class='ocrx_word' id='word_1_136' title='bbox 316 2273 448 2337; x_wconf 89' lang='lat' dir='ltr'><strong>insistas</strong></span> <span class='ocrx_word' id='word_1_137' title='bbox 478 2288 510 2337; x_wconf 92' lang='lat' dir='ltr'><strong>et</strong></span> <span class='ocrx_word' id='word_1_138' title='bbox 540 2273 736 2360; x_wconf 85' lang='lat' dir='ltr'><strong>intellegas,</strong></span> <span class='ocrx_word' id='word_1_139' title='bbox 783 2274 858 2359; x_wconf 92' lang='lat' dir='ltr'><strong>quid</strong></span> <span class='ocrx_word' id='word_1_140' title='bbox 890 2276 1029 2358; x_wconf 87' lang='lat' dir='ltr'><strong>quisque</strong></span> <span class='ocrx_word' id='word_1_141' title='bbox 1063 2268 1202 2343; x_wconf 84' lang='lat' dir='ltr'><strong>concedat,</strong></span> 
     </span>
     <span class='ocr_line' id='line_1_19' title="bbox 139 2372 1202 2465; baseline -0.003 -25"><span class='ocrx_word' id='word_1_142' title='bbox 139 2379 214 2464; x_wconf 89' lang='lat' dir='ltr'><strong>quid</strong></span> <span class='ocrx_word' id='word_1_143' title='bbox 238 2376 381 2457; x_wconf 90' lang='lat' dir='ltr'><strong>abnuat,</strong></span> <span class='ocrx_word' id='word_1_144' title='bbox 429 2402 473 2443; x_wconf 93' lang='lat' dir='ltr'><strong>ex</strong></span> <span class='ocrx_word' id='word_1_145' title='bbox 498 2380 597 2444; x_wconf 89' lang='lat' dir='ltr'><strong>rebus</strong></span> <span class='ocrx_word' id='word_1_146' title='bbox 623 2382 787 2445; x_wconf 90' lang='lat' dir='ltr'><strong>concessis</strong></span> <span class='ocrx_word' id='word_1_147' title='bbox 811 2378 981 2458; x_wconf 89' lang='lat' dir='ltr'><strong>concludi,</strong></span> <span class='ocrx_word' id='word_1_148' title='bbox 1027 2378 1109 2465; x_wconf 86' lang='lat' dir='ltr'><strong>quod</strong></span> <span class='ocrx_word' id='word_1_149' title='bbox 1129 2372 1202 2445; x_wconf 76' lang='lat' dir='ltr'><strong>uelis,</strong></span> 
     </span>
    </p>
   </div>
   <div class='ocr_carea' id='block_1_3' title="bbox 135 2575 1202 2793">
    <p class='ocr_par' dir='ltr' id='par_1_3' title="bbox 135 2575 1202 2793">
     <span class='ocr_line' id='line_1_20' title="bbox 190 2575 1202 2641; baseline -0.001 -12"><span class='ocrx_word' id='word_1_150' title='bbox 190 2586 288 2639; x_wconf 86' lang='lat' dir='ltr'><strong>diceret)</strong></span> <span class='ocrx_word' id='word_1_151' title='bbox 310 2586 460 2630; x_wconf 72' lang='lat' dir='ltr'><strong>dicerentla</strong></span> <span class='ocrx_word' id='word_1_152' title='bbox 517 2587 636 2638; x_wconf 74' lang='lat' dir='ltr'><strong>alomll</strong></span> <span class='ocrx_word' id='word_1_153' title='bbox 690 2586 918 2639; x_wconf 78' lang='lat' dir='ltr'><strong>audire)audtrt13</strong></span> <span class='ocrx_word' id='word_1_154' title='bbox 974 2599 1021 2631; x_wconf 86' lang='lat' dir='ltr'><strong>aon</strong></span> <span class='ocrx_word' id='word_1_155' title='bbox 1035 2587 1074 2641; x_wconf 88' lang='lat' dir='ltr'><strong>de)</strong></span> <span class='ocrx_word' id='word_1_156' title='bbox 1087 2575 1202 2631; x_wconf 60' lang='lat' dir='ltr'><strong>nomn!</strong></span> 
     </span>
     <span class='ocr_line' id='line_1_21' title="bbox 136 2648 1202 2722; baseline -0.002 -15"><span class='ocrx_word' id='word_1_157' title='bbox 136 2662 200 2720; x_wconf 81' lang='lat' dir='ltr'><strong>quid)</strong></span> <span class='ocrx_word' id='word_1_158' title='bbox 216 2662 312 2722; x_wconf 69' lang='lat' dir='ltr'><strong>pactili</strong></span> <span class='ocrx_word' id='word_1_159' title='bbox 368 2675 420 2705; x_wconf 89' lang='lat' dir='ltr'><strong>cum</strong></span> <span class='ocrx_word' id='word_1_160' title='bbox 434 2663 482 2718; x_wconf 85' lang='lat' dir='ltr'><strong>qui)</strong></span> <span class='ocrx_word' id='word_1_161' title='bbox 497 2666 540 2719; x_wconf 79' lang='lat' dir='ltr'><strong>qui</strong></span> <span class='ocrx_word' id='word_1_162' title='bbox 553 2664 686 2709; x_wconf 70' lang='lat' dir='ltr'><strong>stupor.</strong></span> <span class='ocrx_word' id='word_1_163' title='bbox 704 2665 917 2708; x_wconf 80' lang='lat' dir='ltr'><strong>coatradlceatem</strong></span> <span class='ocrx_word' id='word_1_164' title='bbox 932 2665 1005 2720; x_wconf 78' lang='lat' dir='ltr'><strong>pail}</strong></span> <span class='ocrx_word' id='word_1_165' title='bbox 1055 2664 1131 2714; x_wconf 77' lang='lat' dir='ltr'><strong>etin)</strong></span> <span class='ocrx_word' id='word_1_166' title='bbox 1142 2648 1202 2705; x_wconf 73' lang='grc' dir='ltr'><strong>οιΙ</strong></span> 
     </span>
     <span class='ocr_line' id='line_1_22' title="bbox 135 2739 764 2793; baseline 0 -10"><span class='ocrx_word' id='word_1_167' title='bbox 135 2741 156 2785; x_wconf 73' lang='lat'><strong>³.</strong></span> <span class='ocrx_word' id='word_1_168' title='bbox 169 2740 210 2785; x_wconf 86' lang='lat' dir='ltr'><strong>sed</strong></span> <span class='ocrx_word' id='word_1_169' title='bbox 225 2739 362 2793; x_wconf 69' lang='lat' dir='ltr'><strong>etiamsed</strong></span> <span class='ocrx_word' id='word_1_170' title='bbox 377 2751 430 2782; x_wconf 81' lang='lat' dir='ltr'><strong>csse</strong></span> <span class='ocrx_word' id='word_1_171' title='bbox 446 2739 466 2782; x_wconf 76' lang='lat' dir='ltr'><strong>tt</strong></span> <span class='ocrx_word' id='word_1_172' title='bbox 494 2740 519 2783; x_wconf 85' lang='lat' dir='ltr'><strong>ln</strong></span> <span class='ocrx_word' id='word_1_173' title='bbox 535 2740 614 2792; x_wconf 86' lang='lat' dir='ltr'><strong>rebus)</strong></span> <span class='ocrx_word' id='word_1_174' title='bbox 628 2741 727 2784; x_wconf 74' lang='lat' dir='ltr'><strong>utribus</strong></span> <span class='ocrx_word' id='word_1_175' title='bbox 743 2740 764 2783; x_wconf 84' lang='lat' dir='ltr'><strong>tt</strong></span> 
     </span>
    </p>
   </div>
   <div class='ocr_carea' id='block_1_4' title="bbox 124 2915 1202 4457">
    <p class='ocr_par' dir='ltr' id='par_1_4' title="bbox 135 2915 1202 3076">
     <span class='ocr_line' id='line_1_23' title="bbox 135 2915 1202 2988; baseline -0.006 -16"><span class='ocrx_word' id='word_1_176' title='bbox 135 2919 295 2973; x_wconf 82' lang='lat' dir='ltr'><strong>Dauisianis</strong></span> <span class='ocrx_word' id='word_1_177' title='bbox 324 2920 355 2973; x_wconf 86' lang='lat' dir='ltr'><strong>C.</strong></span> <span class='ocrx_word' id='word_1_178' title='bbox 394 2921 424 2974; x_wconf 82' lang='grc'><strong>0,</strong></span> <span class='ocrx_word' id='word_1_179' title='bbox 460 2920 508 2981; x_wconf 80' lang='grc'><strong>0.,</strong></span> <span class='ocrx_word' id='word_1_180' title='bbox 554 2920 664 2982; x_wconf 85' lang='lat' dir='ltr'><strong>lllcatl.,</strong></span> <span class='ocrx_word' id='word_1_181' title='bbox 702 2917 776 2974; x_wconf 82' lang='lat' dir='ltr'><strong>Ball.</strong></span> <span class='ocrx_word' id='word_1_182' title='bbox 812 2920 893 2986; x_wconf 75' lang='lat'>(0¹¹.</span> <span class='ocrx_word' id='word_1_183' title='bbox 933 2918 1022 2988; x_wconf 78' lang='grc' dir='ltr'>Εξχ,)</span> <span class='ocrx_word' id='word_1_184' title='bbox 1060 2920 1113 2974; x_wconf 78' lang='lat' dir='ltr'><strong>Gai</strong></span> <span class='ocrx_word' id='word_1_185' title='bbox 1140 2915 1202 2987; x_wconf 75' lang='lat' dir='ltr'><strong>qrat-</strong></span> 
     </span>
     <span class='ocr_line' id='line_1_24' title="bbox 135 3011 740 3076; baseline 0 -13"><span class='ocrx_word' id='word_1_186' title='bbox 135 3017 210 3075; x_wconf 91' lang='lat' dir='ltr'><strong>tuor‚</strong></span> <span class='ocrx_word' id='word_1_187' title='bbox 230 3011 267 3075; x_wconf 86' lang='lat' dir='ltr'><strong>bi,</strong></span> <span class='ocrx_word' id='word_1_188' title='bbox 287 3018 319 3064; x_wconf 90' lang='lat' dir='ltr'><strong>ut</strong></span> <span class='ocrx_word' id='word_1_189' title='bbox 337 3011 387 3073; x_wconf 85' lang='lat' dir='ltr'><strong>ait,</strong></span> <span class='ocrx_word' id='word_1_190' title='bbox 408 3030 514 3076; x_wconf 89' lang='lat' dir='ltr'><strong>omncs,</strong></span> <span class='ocrx_word' id='word_1_191' title='bbox 534 3013 607 3064; x_wconf 79' lang='lat' dir='ltr'><strong>falso</strong></span> <span class='ocrx_word' id='word_1_192' title='bbox 627 3011 661 3061; x_wconf 88' lang='lat' dir='ltr'><strong>de</strong></span> <span class='ocrx_word' id='word_1_193' title='bbox 680 3011 740 3063; x_wconf 82' lang='lat' dir='ltr'><strong>Eri.</strong></span> 
     </span>
    </p>

    <p class='ocr_par' dir='ltr' id='par_1_5' title="bbox 132 3100 1202 3445">
     <span class='ocr_line' id='line_1_25' title="bbox 205 3100 1202 3172; baseline -0.002 -18"><span class='ocrx_word' id='word_1_194' title='bbox 205 3103 344 3155; x_wconf 80' lang='lat' dir='ltr'><strong>Arcesilas</strong></span> <span class='ocrx_word' id='word_1_195' title='bbox 365 3122 425 3156; x_wconf 81' lang='lat' dir='ltr'><strong>eum</strong></span> <span class='ocrx_word' id='word_1_196' title='bbox 443 3106 600 3171; x_wconf 82' lang='lat' dir='ltr'><strong>reuocauit)</strong></span> <span class='ocrx_word' id='word_1_197' title='bbox 632 3102 756 3156; x_wconf 85' lang='lat' dir='ltr'><strong>Instituit</strong></span> <span class='ocrx_word' id='word_1_198' title='bbox 777 3119 842 3166; x_wconf 89' lang='lat' dir='ltr'><strong>nea,</strong></span> <span class='ocrx_word' id='word_1_199' title='bbox 863 3100 929 3171; x_wconf 83' lang='lat' dir='ltr'><strong>quid</strong></span> <span class='ocrx_word' id='word_1_200' title='bbox 947 3101 1008 3172; x_wconf 88' lang='lat' dir='ltr'><strong>ipse</strong></span> <span class='ocrx_word' id='word_1_201' title='bbox 1027 3102 1151 3163; x_wconf 79' lang='lat' dir='ltr'><strong>sentiret,</strong></span> <span class='ocrx_word' id='word_1_202' title='bbox 1168 3114 1202 3152; x_wconf 75' lang='lat' dir='ltr'><strong>sc·</strong></span> 
     </span>
     <span class='ocr_line' id='line_1_26' title="bbox 134 3193 1202 3266; baseline -0.001 -20"><span class='ocrx_word' id='word_1_203' title='bbox 134 3200 231 3247; x_wconf 85' lang='lat' dir='ltr'><strong>centra</strong></span> <span class='ocrx_word' id='word_1_204' title='bbox 251 3193 289 3254; x_wconf 88' lang='lat' dir='ltr'><strong>id,</strong></span> <span class='ocrx_word' id='word_1_205' title='bbox 309 3195 383 3262; x_wconf 79' lang='lat' dir='ltr'><strong>qtrod</strong></span> <span class='ocrx_word' id='word_1_206' title='bbox 405 3194 521 3266; x_wconf 85' lang='lat' dir='ltr'><strong>quisquc</strong></span> <span class='ocrx_word' id='word_1_207' title='bbox 539 3213 569 3248; x_wconf 87' lang='lat' dir='ltr'><strong>sc</strong></span> <span class='ocrx_word' id='word_1_208' title='bbox 587 3195 693 3248; x_wconf 85' lang='lat' dir='ltr'><strong>sentire</strong></span> <span class='ocrx_word' id='word_1_209' title='bbox 713 3194 835 3258; x_wconf 83' lang='lat' dir='ltr'><strong>dixisset,</strong></span> <span class='ocrx_word' id='word_1_210' title='bbox 853 3194 999 3265; x_wconf 85' lang='lat' dir='ltr'><strong>disputare</strong></span> <span class='ocrx_word' id='word_1_211' title='bbox 1019 3197 1075 3263; x_wconf 90' lang='lat' dir='ltr'><strong>(lll</strong></span> <span class='ocrx_word' id='word_1_212' title='bbox 1093 3195 1128 3247; x_wconf 84' lang='lat' dir='ltr'><strong>tle</strong></span> <span class='ocrx_word' id='word_1_213' title='bbox 1143 3194 1202 3246; x_wconf 74' lang='lat' dir='ltr'><strong>ont</strong></span> 
     </span>
     <span class='ocr_line' id='line_1_27' title="bbox 132 3280 1202 3357; baseline 0.001 -21"><span class='ocrx_word' id='word_1_214' title='bbox 132 3285 193 3349; x_wconf 86' lang='grc'>67.)</span> <span class='ocrx_word' id='word_1_215' title='bbox 232 3285 374 3338; x_wconf 81' lang='lat' dir='ltr'><strong>credebat</strong></span> <span class='ocrx_word' id='word_1_216' title='bbox 394 3286 467 3339; x_wconf 88' lang='lat' dir='ltr'><strong>euim</strong></span> <span class='ocrx_word' id='word_1_217' title='bbox 488 3287 620 3351; x_wconf 83' lang='lat' dir='ltr'><strong>Platoni,</strong></span> <span class='ocrx_word' id='word_1_218' title='bbox 648 3304 731 3356; x_wconf 86' lang='lat' dir='ltr'><strong>quem</strong></span> <span class='ocrx_word' id='word_1_219' title='bbox 750 3286 828 3357; x_wconf 86' lang='lat' dir='ltr'><strong>requi</strong></span> <span class='ocrx_word' id='word_1_220' title='bbox 848 3287 981 3349; x_wconf 86' lang='lat' dir='ltr'><strong>uolebat,</strong></span> <span class='ocrx_word' id='word_1_221' title='bbox 1009 3280 1202 3341; x_wconf 66' lang='lat' dir='ltr'><strong>summanalia</strong></span> 
     </span>
     <span class='ocr_line' id='line_1_28' title="bbox 133 3374 921 3445; baseline 0.005 -18"><span class='ocrx_word' id='word_1_222' title='bbox 133 3375 288 3444; x_wconf 80' lang='lat' dir='ltr'><strong>putationis</strong></span> <span class='ocrx_word' id='word_1_223' title='bbox 306 3374 392 3427; x_wconf 84' lang='lat' dir='ltr'><strong>tuisse</strong></span> <span class='ocrx_word' id='word_1_224' title='bbox 411 3376 438 3428; x_wconf 91' lang='lat' dir='ltr'><strong>in</strong></span> <span class='ocrx_word' id='word_1_225' title='bbox 458 3376 503 3437; x_wconf 85' lang='lat' dir='ltr'><strong>iis,</strong></span> <span class='ocrx_word' id='word_1_226' title='bbox 524 3394 582 3445; x_wconf 72' lang='lat' dir='ltr'><strong>que</strong></span> <span class='ocrx_word' id='word_1_227' title='bbox 599 3386 698 3432; x_wconf 87' lang='lat' dir='ltr'><strong>centra</strong></span> <span class='ocrx_word' id='word_1_228' title='bbox 717 3377 788 3432; x_wconf 82' lang='lat' dir='ltr'><strong>elios</strong></span> <span class='ocrx_word' id='word_1_229' title='bbox 807 3378 921 3431; x_wconf 85' lang='lat' dir='ltr'><strong>diceret.</strong></span> 
     </span>
    </p>

    <p class='ocr_par' dir='ltr' id='par_1_6' title="bbox 129 3466 1202 3906">
     <span class='ocr_line' id='line_1_29' title="bbox 202 3466 1202 3541; baseline 0.008 -26"><span class='ocrx_word' id='word_1_230' title='bbox 202 3466 257 3517; x_wconf 81' lang='lat' dir='ltr'><strong>Sed</strong></span> <span class='ocrx_word' id='word_1_231' title='bbox 276 3483 336 3518; x_wconf 72' lang='lat' dir='ltr'><strong>erem</strong></span> <span class='ocrx_word' id='word_1_232' title='bbox 357 3468 405 3537; x_wconf 80' lang='lat' dir='ltr'><strong>qui</strong></span> <span class='ocrx_word' id='word_1_233' title='bbox 422 3469 584 3536; x_wconf 81' lang='lat' dir='ltr'><strong>audiebant)</strong></span> <span class='ocrx_word' id='word_1_234' title='bbox 611 3488 671 3523; x_wconf 86' lang='lat' dir='ltr'><strong>eam</strong></span> <span class='ocrx_word' id='word_1_235' title='bbox 690 3477 806 3540; x_wconf 85' lang='lat' dir='ltr'><strong>optume</strong></span> <span class='ocrx_word' id='word_1_236' title='bbox 827 3476 929 3540; x_wconf 75' lang='lat' dir='ltr'><strong>prater</strong></span> <span class='ocrx_word' id='word_1_237' title='bbox 950 3470 1011 3524; x_wconf 83' lang='lat' dir='ltr'><strong>Erl.</strong></span> <span class='ocrx_word' id='word_1_238' title='bbox 1044 3470 1131 3524; x_wconf 79' lang='lat' dir='ltr'><strong>etism</strong></span> <span class='ocrx_word' id='word_1_239' title='bbox 1148 3467 1202 3541; x_wconf 73' lang='lat' dir='ltr'><strong>Splt</strong></span> 
     </span>
     <span class='ocr_line' id='line_1_30' title="bbox 132 3558 1202 3631; baseline 0.006 -21"><span class='ocrx_word' id='word_1_240' title='bbox 132 3564 161 3611; x_wconf 90' lang='lat' dir='ltr'><strong>ct</strong></span> <span class='ocrx_word' id='word_1_241' title='bbox 178 3559 242 3613; x_wconf 85' lang='lat' dir='ltr'><strong>llas.</strong></span> <span class='ocrx_word' id='word_1_242' title='bbox 272 3558 425 3623; x_wconf 69' lang='lat' dir='ltr'><strong>dederuut,</strong></span> <span class='ocrx_word' id='word_1_243' title='bbox 463 3559 636 3614; x_wconf 85' lang='lat' dir='ltr'><strong>contrarium</strong></span> <span class='ocrx_word' id='word_1_244' title='bbox 662 3562 730 3616; x_wconf 89' lang='lat' dir='ltr'><strong>buic</strong></span> <span class='ocrx_word' id='word_1_245' title='bbox 757 3569 812 3617; x_wconf 81' lang='lat' dir='ltr'><strong>eat:</strong></span> <span class='ocrx_word' id='word_1_246' title='bbox 847 3563 923 3631; x_wconf 83' lang='lat' dir='ltr'><strong>apud</strong></span> <span class='ocrx_word' id='word_1_247' title='bbox 950 3567 1099 3616; x_wconf 83' lang='lat' dir='ltr'><strong>eeteros</strong></span> <span class='ocrx_word' id='word_1_248' title='bbox 1126 3568 1202 3616; x_wconf 74' lang='lat' dir='ltr'><strong>aeta</strong></span> 
     </span>
     <span class='ocr_line' id='line_1_31' title="bbox 130 3647 1202 3723; baseline 0.007 -21"><span class='ocrx_word' id='word_1_249' title='bbox 130 3648 271 3720; x_wconf 85' lang='lat' dir='ltr'><strong>Diogenes</strong></span> <span class='ocrx_word' id='word_1_250' title='bbox 291 3650 384 3703; x_wconf 67' lang='lat' dir='ltr'><strong>baert.</strong></span> <span class='ocrx_word' id='word_1_251' title='bbox 400 3652 447 3714; x_wconf 80' lang='lat' dir='ltr'><strong>lv,</strong></span> <span class='ocrx_word' id='word_1_252' title='bbox 466 3649 501 3704; x_wconf 78' lang='lat'><strong>28</strong></span> <span class='ocrx_word' id='word_1_253' title='bbox 519 3652 554 3704; x_wconf 86' lang='lat' dir='ltr'><strong>de</strong></span> <span class='ocrx_word' id='word_1_254' title='bbox 572 3651 717 3707; x_wconf 80' lang='lat' dir='ltr'><strong>Arcesila:</strong></span> <span class='ocrx_word' id='word_1_255' title='bbox 747 3647 848 3723; x_wconf 66' lang='grc' dir='ltr'><strong><em>πρῶτος</em></strong></span> <span class='ocrx_word' id='word_1_256' title='bbox 864 3650 893 3707; x_wconf 80' lang='lat' dir='ltr'><strong>dd</strong></span> <span class='ocrx_word' id='word_1_257' title='bbox 910 3659 954 3708; x_wconf 64' lang='lat' dir='ltr'><strong>sat</strong></span> <span class='ocrx_word' id='word_1_258' title='bbox 973 3651 998 3709; x_wconf 80' lang='lat' dir='ltr'><strong>s&#39;s</strong></span> <span class='ocrx_word' id='word_1_259' title='bbox 1015 3651 1144 3723; x_wconf 71' lang='grc' dir='ltr'><strong>ἑκάτερον</strong></span> <span class='ocrx_word' id='word_1_260' title='bbox 1159 3651 1202 3709; x_wconf 71' lang='lat' dir='ltr'><strong>dat</strong></span> 
     </span>
     <span class='ocr_line' id='line_1_32' title="bbox 130 3739 1202 3817; baseline 0.006 -21"><span class='ocrx_word' id='word_1_261' title='bbox 130 3745 297 3812; x_wconf 63' lang='lat' dir='ltr'><strong>palpassent</strong></span> <span class='ocrx_word' id='word_1_262' title='bbox 314 3739 416 3813; x_wconf 73' lang='grc' dir='ltr'><strong><em>πρῶτος</em></strong></span> <span class='ocrx_word' id='word_1_263' title='bbox 433 3740 480 3797; x_wconf 77' lang='grc' dir='ltr'><strong>τὸν</strong></span> <span class='ocrx_word' id='word_1_264' title='bbox 498 3739 575 3814; x_wconf 76' lang='grc' dir='ltr'><strong><em>λόγον</em></strong></span> <span class='ocrx_word' id='word_1_265' title='bbox 593 3743 696 3815; x_wconf 66' lang='grc' dir='ltr'><strong>ἐκίνησε</strong></span> <span class='ocrx_word' id='word_1_266' title='bbox 719 3742 766 3800; x_wconf 75' lang='grc' dir='ltr'><strong>τόν</strong></span> <span class='ocrx_word' id='word_1_267' title='bbox 785 3740 835 3798; x_wconf 83' lang='lat' dir='ltr'><strong>u‘ad</strong></span> <span class='ocrx_word' id='word_1_268' title='bbox 862 3741 1011 3800; x_wconf 61' lang='lat' dir='ltr'><strong>uteremur</strong></span> <span class='ocrx_word' id='word_1_269' title='bbox 1035 3743 1202 3817; x_wconf 70' lang='lat' dir='ltr'><strong>aapadsdepst</strong></span> 
     </span>
     <span class='ocr_line' id='line_1_33' title="bbox 129 3830 1053 3906; baseline 0.004 -19"><span class='ocrx_word' id='word_1_270' title='bbox 129 3853 176 3889; x_wconf 76' lang='grc' dir='ltr'><strong>νον</strong></span> <span class='ocrx_word' id='word_1_271' title='bbox 194 3841 238 3888; x_wconf 77' lang='grc' dir='ltr'><strong>καὶ</strong></span> <span class='ocrx_word' id='word_1_272' title='bbox 257 3832 366 3902; x_wconf 75' lang='grc' dir='ltr'><em>ἐποίησε</em></span> <span class='ocrx_word' id='word_1_273' title='bbox 384 3830 420 3888; x_wconf 79' lang='grc' dir='ltr'><strong>δι’</strong></span> <span class='ocrx_word' id='word_1_274' title='bbox 438 3831 586 3905; x_wconf 73' lang='grc' dir='ltr'><strong>ἓρυπῆσεως</strong></span> <span class='ocrx_word' id='word_1_275' title='bbox 602 3844 647 3891; x_wconf 74' lang='grc' dir='ltr'><strong>καὶ</strong></span> <span class='ocrx_word' id='word_1_276' title='bbox 664 3831 824 3905; x_wconf 70' lang='grc' dir='ltr'><strong><em>ἀποκρίσεως</em></strong></span> <span class='ocrx_word' id='word_1_277' title='bbox 841 3832 1053 3906; x_wconf 70' lang='grc' dir='ltr'><strong>ἐριστικώτερον.</strong></span> 
     </span>
    </p>

    <p class='ocr_par' dir='ltr' id='par_1_7' title="bbox 124 3926 1202 4457">
     <span class='ocr_line' id='line_1_34' title="bbox 199 3926 1202 4000; baseline 0.008 -24"><span class='ocrx_word' id='word_1_278' title='bbox 199 3926 253 3977; x_wconf 86' lang='lat' dir='ltr'><strong>iam</strong></span> <span class='ocrx_word' id='word_1_279' title='bbox 268 3927 308 3992; x_wconf 81' lang='lat' dir='ltr'><strong>fit</strong></span> <span class='ocrx_word' id='word_1_280' title='bbox 325 3927 405 3978; x_wconf 81' lang='lat' dir='ltr'><strong>etiam</strong></span> <span class='ocrx_word' id='word_1_281' title='bbox 424 3927 452 3978; x_wconf 80' lang='lat' dir='ltr'><strong>ia</strong></span> <span class='ocrx_word' id='word_1_282' title='bbox 471 3929 634 3997; x_wconf 80' lang='lat' dir='ltr'><strong>Academia)</strong></span> <span class='ocrx_word' id='word_1_283' title='bbox 660 3928 735 3999; x_wconf 89' lang='lat' dir='ltr'><strong>Spir.</strong></span> <span class='ocrx_word' id='word_1_284' title='bbox 756 3945 866 4000; x_wconf 84' lang='lat' dir='ltr'><strong>qaoque</strong></span> <span class='ocrx_word' id='word_1_285' title='bbox 884 3945 940 3981; x_wconf 86' lang='lat' dir='ltr'><strong>om.</strong></span> <span class='ocrx_word' id='word_1_286' title='bbox 960 3930 1060 3993; x_wconf 67' lang='lat' dir='ltr'><strong>etiam</strong></span> <span class='ocrx_word' id='word_1_287' title='bbox 1083 3929 1149 3983; x_wconf 80' lang='lat' dir='ltr'><strong>Bes.</strong></span> <span class='ocrx_word' id='word_1_288' title='bbox 1168 3929 1202 3983; x_wconf 74' lang='lat' dir='ltr'><strong>ist</strong></span> 
     </span>
     <span class='ocr_line' id='line_1_35' title="bbox 128 4017 1202 4092; baseline 0.003 -22"><span class='ocrx_word' id='word_1_289' title='bbox 128 4017 210 4070; x_wconf 80' lang='lat' dir='ltr'><strong>etiam</strong></span> <span class='ocrx_word' id='word_1_290' title='bbox 225 4019 280 4084; x_wconf 81' lang='lat' dir='ltr'><strong>fit,</strong></span> <span class='ocrx_word' id='word_1_291' title='bbox 319 4017 393 4071; x_wconf 81' lang='lat' dir='ltr'><strong>Gud.</strong></span> <span class='ocrx_word' id='word_1_292' title='bbox 422 4017 515 4088; x_wconf 75' lang='grc' dir='ltr'><strong>2·ραί</strong></span> <span class='ocrx_word' id='word_1_293' title='bbox 532 4022 641 4092; x_wconf 81' lang='lat' dir='ltr'><strong>quidem</strong></span> <span class='ocrx_word' id='word_1_294' title='bbox 666 4020 748 4073; x_wconf 83' lang='lat' dir='ltr'><strong>etiam</strong></span> <span class='ocrx_word' id='word_1_295' title='bbox 766 4021 820 4072; x_wconf 84' lang='lat' dir='ltr'><strong>iam</strong></span> <span class='ocrx_word' id='word_1_296' title='bbox 833 4022 881 4087; x_wconf 76' lang='lat' dir='ltr'><strong>fit.</strong></span> <span class='ocrx_word' id='word_1_297' title='bbox 936 4019 1037 4073; x_wconf 88' lang='lat' dir='ltr'><strong>Omitti</strong></span> <span class='ocrx_word' id='word_1_298' title='bbox 1056 4022 1157 4086; x_wconf 74' lang='lat' dir='ltr'><strong>etiarn,</strong></span> <span class='ocrx_word' id='word_1_299' title='bbox 1189 4038 1202 4073; x_wconf 83' lang='lat' dir='ltr'><strong>a</strong></span> 
     </span>
     <span class='ocr_line' id='line_1_36' title="bbox 127 4109 1202 4180; baseline 0.002 -19"><span class='ocrx_word' id='word_1_300' title='bbox 127 4110 195 4164; x_wconf 86' lang='lat' dir='ltr'><strong>ouo</strong></span> <span class='ocrx_word' id='word_1_301' title='bbox 214 4109 298 4172; x_wconf 82' lang='lat' dir='ltr'><strong>lecit,</strong></span> <span class='ocrx_word' id='word_1_302' title='bbox 327 4128 382 4164; x_wconf 90' lang='lat' dir='ltr'><strong>non</strong></span> <span class='ocrx_word' id='word_1_303' title='bbox 403 4118 509 4180; x_wconf 79' lang='lat' dir='ltr'><strong>potest3</strong></span> <span class='ocrx_word' id='word_1_304' title='bbox 548 4113 599 4167; x_wconf 92' lang='lat' dir='ltr'><strong>illo</strong></span> <span class='ocrx_word' id='word_1_305' title='bbox 619 4110 694 4166; x_wconf 89' lang='lat' dir='ltr'><strong>onim</strong></span> <span class='ocrx_word' id='word_1_306' title='bbox 711 4113 795 4166; x_wconf 85' lang='lat' dir='ltr'><strong>modo</strong></span> <span class='ocrx_word' id='word_1_307' title='bbox 815 4110 964 4165; x_wconf 87' lang='lat' dir='ltr'><strong>dicendum</strong></span> <span class='ocrx_word' id='word_1_308' title='bbox 993 4120 1055 4167; x_wconf 85' lang='lat' dir='ltr'><strong>erat</strong></span> <span class='ocrx_word' id='word_1_309' title='bbox 1074 4115 1110 4165; x_wconf 83' lang='lat' dir='ltr'><strong>de</strong></span> <span class='ocrx_word' id='word_1_310' title='bbox 1128 4126 1202 4167; x_wconf 79' lang='lat' dir='ltr'><strong>esst</strong></span> 
     </span>
     <span class='ocr_line' id='line_1_37' title="bbox 127 4203 1202 4272; baseline 0.002 -19"><span class='ocrx_word' id='word_1_311' title='bbox 127 4219 187 4271; x_wconf 78' lang='lat' dir='ltr'><strong>qua</strong></span> <span class='ocrx_word' id='word_1_312' title='bbox 206 4219 290 4272; x_wconf 86' lang='lat' dir='ltr'><strong>quom</strong></span> <span class='ocrx_word' id='word_1_313' title='bbox 309 4210 393 4257; x_wconf 87' lang='lat' dir='ltr'><strong>antea</strong></span> <span class='ocrx_word' id='word_1_314' title='bbox 416 4205 492 4258; x_wconf 80' lang='lat' dir='ltr'><strong>taeta</strong></span> <span class='ocrx_word' id='word_1_315' title='bbox 510 4203 624 4257; x_wconf 88' lang='lat' dir='ltr'><strong>omnino</strong></span> <span class='ocrx_word' id='word_1_316' title='bbox 645 4222 699 4258; x_wconf 88' lang='lat' dir='ltr'><strong>non</strong></span> <span class='ocrx_word' id='word_1_317' title='bbox 722 4211 810 4269; x_wconf 85' lang='lat' dir='ltr'><strong>essct,</strong></span> <span class='ocrx_word' id='word_1_318' title='bbox 847 4222 922 4258; x_wconf 88' lang='lat' dir='ltr'><strong>nunc</strong></span> <span class='ocrx_word' id='word_1_319' title='bbox 945 4206 1028 4259; x_wconf 85' lang='lat' dir='ltr'><strong>lieret</strong></span> <span class='ocrx_word' id='word_1_320' title='bbox 1051 4205 1082 4259; x_wconf 87' lang='lat' dir='ltr'><strong>ia</strong></span> <span class='ocrx_word' id='word_1_321' title='bbox 1109 4205 1202 4259; x_wconf 77' lang='lat' dir='ltr'><strong>Aestle</strong></span> 
     </span>
     <span class='ocr_line' id='line_1_38' title="bbox 125 4294 1202 4366; baseline 0.001 -20"><span class='ocrx_word' id='word_1_322' title='bbox 125 4294 192 4346; x_wconf 82' lang='lat' dir='ltr'><strong>ntia.</strong></span> <span class='ocrx_word' id='word_1_323' title='bbox 228 4296 390 4349; x_wconf 84' lang='lat' dir='ltr'><strong>Turbatam</strong></span> <span class='ocrx_word' id='word_1_324' title='bbox 408 4294 515 4365; x_wconf 84' lang='lat' dir='ltr'><strong>aliquid</strong></span> <span class='ocrx_word' id='word_1_325' title='bbox 533 4295 562 4349; x_wconf 92' lang='lat' dir='ltr'><strong>in</strong></span> <span class='ocrx_word' id='word_1_326' title='bbox 581 4299 736 4352; x_wconf 87' lang='lat' dir='ltr'><strong>uerborum</strong></span> <span class='ocrx_word' id='word_1_327' title='bbox 755 4295 854 4350; x_wconf 83' lang='lat' dir='ltr'><strong>ordine</strong></span> <span class='ocrx_word' id='word_1_328' title='bbox 872 4314 933 4350; x_wconf 82' lang='lat' dir='ltr'><strong>ease</strong></span> <span class='ocrx_word' id='word_1_329' title='bbox 948 4302 1059 4366; x_wconf 83' lang='lat' dir='ltr'><strong>potest,</strong></span> <span class='ocrx_word' id='word_1_330' title='bbox 1096 4298 1147 4351; x_wconf 83' lang='lat' dir='ltr'><strong>etsi</strong></span> <span class='ocrx_word' id='word_1_331' title='bbox 1167 4311 1202 4366; x_wconf 81' lang='lat' dir='ltr'><strong>pe</strong></span> 
     </span>
     <span class='ocr_line' id='line_1_39' title="bbox 124 4386 640 4457; baseline 0.014 -22"><span class='ocrx_word' id='word_1_332' title='bbox 124 4401 155 4435; x_wconf 86' lang='lat' dir='ltr'><strong>se</strong></span> <span class='ocrx_word' id='word_1_333' title='bbox 179 4386 362 4453; x_wconf 81' lang='lat' dir='ltr'><strong>aptissumum</strong></span> <span class='ocrx_word' id='word_1_334' title='bbox 383 4393 423 4452; x_wconf 87' lang='lat' dir='ltr'><strong>st,</strong></span> <span class='ocrx_word' id='word_1_335' title='bbox 445 4389 519 4457; x_wconf 86' lang='lat' dir='ltr'><strong>quod</strong></span> <span class='ocrx_word' id='word_1_336' title='bbox 539 4388 640 4443; x_wconf 83' lang='lat' dir='ltr'><strong>editur.</strong></span> 
     </span>
    </p>
   </div>
   <div class='ocr_carea' id='block_1_5' title="bbox 0 0 1358 5018">
    <p class='ocr_par' dir='ltr' id='par_1_8' title="bbox 0 0 1358 5018">
     <span class='ocr_line' id='line_1_40' title="bbox 0 0 1358 5018; baseline 0 1"><span class='ocrx_word' id='word_1_337' title='bbox 0 0 1358 5018; x_wconf 95' lang='lat' dir='ltr'><strong> </strong></span> 
     </span>
    </p>
   </div>
  </div>
 </body>
</html>
