2706 5018
207 315 352 410 xxpm
600 280 884 386 'runcano

208 514 416 600 perspicitur,
439 509 609 578 moliorem
630 526 758 599 partem
779 512 981 601 sequitur‚¹)
1004 515 1074 595 sed,
1096 515 1153 581 ubi
1176 516 1301 604 aliquot

209 622 338 684 codices
360 621 541 685 deteriores
566 641 640 684 cum
664 618 857 685 melioribus
886 622 1110 707 conspirantes
1135 621 1302 687 declarant

208 730 242 793 in
264 728 437 792 deterioris
459 726 594 791 familiae
624 728 771 815 principe
796 726 933 792 eandem
962 729 1157 813 scripturam
1189 728 1303 806 inisse,

209 855 249 899 ac
270 846 384 920 posteo
403 835 535 898 demum
557 847 742 920 corruptam
766 855 859 914 esse,
897 832 946 898 ibi
970 855 1056 921 saepe
1077 833 1129 898 his
1153 835 1302 922 adiungi-

208 951 281 1020 tur,
307 962 327 1004 a
349 937 543 1004 Coloniensi
567 953 600 1004 ot
622 939 771 1004 Romana
792 940 984 1020 discedens,
1008 953 1045 1004 ut
1069 938 1097 1021 1,
1119 942 1164 1004 25
1185 944 1303 1026 (neque

207 1068 287 1111 uero
309 1050 371 1130 tu).
401 1047 605 1110 Paucissumi
621 1045 698 1126 loci,
717 1048 772 1133 qui
787 1045 932 1110 melioris
949 1047 1069 1111 codicis
1086 1068 1183 1112 usum
1196 1061 1301 1111 osten-

207 1152 285 1217 dere
307 1154 472 1231 uidentur,
494 1153 655 1216 eiusmodi
676 1164 771 1231 sunt,
817 1164 853 1216 ut
884 1150 926 1216 ab
956 1151 1089 1217 homine
1116 1154 1214 1218 docto
1245 1153 1302 1218 illa

209 1272 306 1323 aetate
331 1262 518 1325 coniectura
548 1258 716 1323 emendari
744 1260 891 1344 potuisse
916 1259 1015 1325 facile
1038 1260 1175 1341 credas,
1218 1273 1254 1324 nt
1277 1260 1302 1338 l,

208 1368 251 1430 51
275 1379 308 1430 et
328 1369 381 1442 aa,
404 1366 501 1450 idque
524 1385 657 1450 prorsus
678 1365 814 1450 adparet
838 1366 871 1428 in
899 1387 938 1429 eo
957 1365 1044 1445 loco,
1068 1369 1123 1454 qui
1146 1389 1303 1433 maxume

209 1475 344 1552 eminet,
367 1471 412 1551 V,
434 1473 486 1535 19.
533 1468 620 1535 Nam
645 1472 805 1535 eiusmodi
831 1469 955 1556 aliquid
980 1472 1179 1553 desiderari,
1206 1473 1303 1559 quale

210 1579 356 1642 additum
379 1577 433 1642 hic
456 1590 524 1643 est:
547 1582 764 1642 etiamsinon
787 1576 985 1660 adipiscare,
1010 1580 1061 1657 ei,
1088 1581 1144 1664 qui
1167 1580 1208 1643 ad
1232 1601 1305 1643 seo·

209 1686 347 1749 tentiam
369 1684 581 1764 adtenderet,
605 1705 671 1748 nou
695 1679 873 1747 difficulter
897 1687 931 1749 in
957 1697 1100 1749 mentem
1125 1683 1305 1760 ueniebat;

211 1792 240 1854 si
264 1791 410 1855 codicem
438 1790 585 1855 melioris
614 1788 749 1855 familiae
771 1789 876 1853 editor
899 1788 1084 1869 habuisset,
1128 1794 1305 1882 posuisset,

209 1897 295 1983 qu'od
314 1919 377 1982 ego
400 1895 663 1983 exErlangensi.
705 1896 748 1959 Et
767 1897 954 1961 emendauit
973 1897 1080 1962 editor
1103 1900 1304 1978 coniectura,

211 2003 296 2089 quod
319 2002 442 2088 legitur
467 2004 501 2065 in
526 1999 679 2066 omnibus
694 2000 871 2069 ,codicibus
892 2002 945 2084 ll,
991 2007 1034 2069 ta
1056 2005 1180 2069 nullum
1206 2017 1239 2069 et
1261 2004 1305 2083 ll,

207 2110 252 2172 47
273 2110 309 2172 in
332 2105 483 2172 omnibns
505 2121 624 2193 praeter
646 2107 698 2171 El.
719 2107 769 2194 (2)
794 2128 816 2172 u
835 2109 1011 2193 digot'tate.

300 2213 445 2279 Multum
473 2216 594 2279 iactata
626 2227 657 2278 st
693 2217 966 2281 conmemorando
1000 2237 1105 2301 nuper
1133 2217 1171 2280 P.
1199 2214 1306 2289 Marsi

180 2308 184 2315 ⁵
210 2320 331 2399 editio,
361 2342 457 2406 quam
484 2343 581 2409 quom
607 2319 813 2385 Goerenzius
837 2324 966 2408 magnis
988 2320 1141 2386 laudibus
1162 2322 1306 2387 extulis-

209 2440 261 2492 set
285 2449 346 2491 nec
370 2440 480 2491 tamen
504 2427 750 2508 descripsisset,
796 2430 896 2492 etiam
927 2426 1111 2493 dubitatum
1135 2442 1184 2509 st,
1226 2451 1305 2494 num

209 2533 278 2598 ulla
296 2546 386 2597 esset
406 2536 551 2597 omnino.
593 2533 714 2599 Postea
739 2557 812 2600 eam
834 2537 1007 2620 descripsit
1030 2535 1066 2599 F.
1099 2532 1140 2598 G.
1160 2533 1201 2599 G.
1219 2534 1305 2599 Her·

209 2640 275 2719 tel,
320 2640 470 2726 gyrrmasi
492 2639 740 2705 Zuiccauiensis
768 2656 876 2707 rector
902 2642 959 2728 (do
981 2639 1147 2705 codicibus
1179 2649 1215 2705 et
1235 2641 1304 2706 cdt'·

209 2747 353 2813 tionibus
376 2750 514 2811 uetrtstc'c
545 2743 691 2810 bibl-ioth.
726 2746 892 2813 zosccou:
914 2754 1036 2832 portic.
1067 2746 1086 2811 1
1097 2746 1143 2825 V,
1189 2742 1303 2811 Zot'cc'.

210 2859 309 2940 1836)
341 2868 373 2919 et
398 2875 470 2919 cum
501 2850 608 2916 Orelli
636 2851 792 2939 exemplo
817 2853 1012 2932 contulit.¹)
1081 2851 1137 2914 Ex
1168 2851 1233 2916 hoc
1263 2852 1304 2916 li·

209 2963 320 3042 bello,
363 2979 559 3048 quamquam
588 2957 701 3022 multis
731 2959 861 3024 indiciis
893 2959 975 3024 mibi
997 2970 1193 3037 certumst,
1239 2980 1303 3022 noo

210 3090 338 3134 summa
359 3067 534 3152 diligentia
556 3068 824 3150 conparationem
848 3068 1030 3131 institutam
1055 3086 1140 3144 esse,
1160 3067 1302 3151 primum

232 3347 259 3415 ¹)
279 3343 308 3407 l,
327 3345 341 3394 1
361 3358 418 3394 nou
435 3338 468 3392 id
484 3345 613 3401 toruum,
650 3338 827 3400 delicerent,
846 3344 864 3391 t
882 3357 934 3393 neo
952 3342 1041 3402 enim,
1060 3340 1180 3393 9lroctis
1200 3341 1299 3401 Mucii,

278 3439 313 3487 10
329 3434 378 3487 oel
395 3434 491 3495 uobis,
511 3436 544 3484 16
562 3433 608 3485 iric
624 3432 701 3493 sttui,
722 3434 755 3484 19
773 3433 1022 3493 udboesitationcc,
1040 3435 1075 3483 26
1092 3451 1202 3505 putoque
1220 3433 1301 3486 utici

276 3529 356 3581 modo
374 3530 404 3577 et
421 3525 491 3580 inid
517 3527 616 3579 saclitas
634 3524 736 3578 etenim
754 3526 887 3597 pisoniana
905 3524 978 3586 dra,
1014 3529 1049 3576 80
1071 3526 1199 3578 iudicari
1220 3526 1299 3578 uolit-

275 3628 384 3692 ptatem
401 3622 485 3674 ctiam
503 3619 567 3684 dcc,
584 3621 620 3671 34
638 3624 725 3689 atquc
743 3619 904 3681 turbentur,
924 3624 1075 3689 ceteraque
1093 3616 1192 3671 eodem
1205 3616 1298 3671 modo.

228 3717 258 3785 ⁹)
278 3712 499 3768 Commentariis
516 3712 547 3765 P.
566 3710 656 3765 Marsi
676 3708 884 3764 subscribitur=
915 3707 965 3762 '’P.
983 3708 1097 3762 Marsus
1116 3725 1302 3780 recognosco·

278 3807 328 3860 bat
346 3814 375 3859 ct
393 3804 544 3859 cnamobat
564 3805 619 3857 An.
638 3800 696 3856 sal.
723 3800 848 3855 1111111·
879 3804 951 3873 (quo
978 3807 1106 3873 temporo
1132 3802 1158 3854 is
1177 3800 1303 3873 grandae-

278 3917 330 3953 uos
350 3898 430 3966 tuit).
467 3896 525 3952 Sed
552 3896 573 3949 ii
593 3895 800 3959 commentarii,
819 3899 938 3949 curante
955 3898 1022 3965 post
1040 3899 1161 3947 mortem
1177 3892 1303 3946 Ascanio

278 3981 392 4053 Marso,
411 3989 508 4046 fratris
527 3988 748 4057 attolleretur
768 3991 836 4040 mat
855 3985 983 4040 adiuncti
1000 3991 1068 4037 sunt
1086 3984 1207 4038 editioni
1228 3985 1302 4056 ipso-

278 4101 343 4137 rum
368 4082 518 4137 Ciceronis
535 4081 694 4144 librorum,
732 4073 780 4135 'cui
815 4076 949 4153 praefuit,
986 4083 1064 4130 certe
1091 4076 1228 4148 praefatus
1260 4083 1304 4129 est

278 4181 369 4235 buoso
387 4178 504 4252 φιὶἀιιιι
527 4173 682 4237 Panotios,
716 4172 766 4245 qui
791 4188 822 4226 se
839 4169 962 4226 conlatis
980 4168 1189 4242 exemplaribus
1207 4187 1304 4222 manu·

279 4271 396 4348 scriptis
416 4271 509 4326 libros
527 4265 731 4340 recopnouisse
749 4270 890 4327 testatur,
925 4268 959 4315 ut
977 4261 1034 4314 iarn
1053 4261 1191 4334 adparere
1208 4260 1304 4314 uidea-

283 4377 339 4431 tur,
356 4365 445 4421 lllarsi
465 4363 539 4417 falso
560 4365 725 4417 contextum
745 4355 891 4428 appellari.
