2706 5018
205 350 329 447 xxiv
631 349 886 417 numanam.

205 546 274 611 dita
298 543 400 610 uerba
422 545 517 629 plura
542 557 618 610 snut
639 542 727 629 (Qut
744 552 777 610 ιι·
795 546 922 611 diceret
941 559 975 610 et
997 546 1093 630 eoae),
1114 548 1163 610 sic
1185 566 1298 610 eorum

206 655 513 731 additamentorum,
537 674 609 739 quae
627 653 724 715 initio
746 656 859 738 posui,
880 652 948 717 alia
971 653 1134 716 eiusmodi
1155 665 1244 731 sunt,
1264 666 1299 714 ut

207 761 248 824 ad
270 763 375 845 ipsam
399 759 519 824 codicis
540 758 708 843 archetypi
739 761 934 845 scripturam
955 757 1055 823 uerba
1076 759 1206 823 adiecta
1228 779 1300 821 esse

205 877 336 953 pateat,
358 863 452 929 uelut
473 862 525 944 ll,
546 868 605 944 12,
637 866 678 930 17
701 863 771 949 (ubi
796 866 906 929 dicere
929 864 1075 929 additum
1096 877 1128 929 st
1151 865 1300 928 oratione

207 971 294 1037 male
317 972 502 1050 distincta),
521 973 572 1048 19,
596 968 663 1035 alia
684 972 864 1049 eiusmodi,
909 983 946 1034 ut
967 985 1036 1036 turn
1057 972 1189 1035 demum
1211 971 1301 1034 nasei

206 1081 392 1166 potuerint,
429 1098 528 1165 quom
547 1077 668 1142 codicis
688 1078 855 1162 archetypi
877 1077 1056 1164 scriptura,
1079 1098 1152 1163 quae
1176 1077 1213 1140 in
1235 1097 1299 1140 me·

205 1183 345 1249 lioribus
363 1196 525 1271 superest,
549 1197 702 1269 corrupta
723 1196 822 1263 esset,
843 1194 880 1246 ut
901 1205 999 1269 quom
1021 1182 1131 1263 11,ss
1154 1204 1213 1267 pro
1236 1187 1304 1246 oiri

206 1294 362 1375 seriptum
385 1305 473 1356 esset
495 1291 554 1355 udi
572 1296 613 1370 ci,
638 1289 713 1355 hinc
735 1302 857 1354 natast
878 1290 1052 1378 apodosis:
1098 1297 1187 1353 tuum
1212 1298 1246 1354 et
1265 1297 1303 1352 ut

206 1418 377 1483 suggeras,
401 1397 657 1483 clarissumeque
680 1395 806 1477 11,92,
830 1418 929 1484 quom
952 1416 1010 1484 pro
1036 1396 1123 1460 ulter
1142 1398 1299 1483 scriptum

119 1571 123 1574 ,
208 1515 296 1567 esset
320 1503 433 1584 aliter,
454 1505 531 1569 inde
556 1515 718 1568 natumst
747 1523 853 1588 quom.
868 1504 897 1585 ¹)

295 1608 357 1672 Hae
390 1622 467 1673 aunt
498 1612 601 1697 igitur
631 1609 704 1673 duae
734 1608 882 1673 codicum
912 1606 1060 1686 familiae,
1101 1608 1188 1673 inter
1220 1629 1301 1695 quas

205 1736 329 1803 paucos
351 1716 508 1802 quosdam
531 1717 661 1782 codices
683 1719 731 1778 ita
761 1716 951 1779 interiectos
980 1734 1054 1778 esse
1084 1712 1197 1799 paullo
1227 1731 1303 1799 post

207 1822 396 1903 ostendam,
441 1835 610 1887 attamen
641 1820 743 1888 multo
765 1823 901 1907 propius
932 1821 973 1884 ad
1004 1821 1186 1885 deteriores
1208 1823 1302 1887 adca·

206 1929 296 1992 dant.
342 1926 381 1991 In
403 1928 540 1994 meliore
566 1930 713 1994 codicum
728 1925 856 1991 familia
874 1938 950 1990 sunt
971 1922 1143 1989 Palatinus
1167 1930 1304 2013 primus,

206 2033 434 2120 Erlangensis‚
458 2037 646 2119 Spirensis,
666 2036 714 2112 is,
738 2035 852 2119 quiin
876 2034 1023 2116 margine
1047 2029 1222 2098 Cratandri
1244 2059 1303 2122 ap-

205 2139 370 2226 pellatur,
407 2139 634 2222 Moralianus,
679 2137 914 2226 Scaligeranus
936 2141 984 2221 (in
1006 2159 1071 2224 quo
1095 2151 1205 2203 tamen
1239 2163 1304 2228 qua

207 2248 250 2310 sit
273 2247 425 2311 cautione
449 2249 618 2326 utendum,
640 2246 713 2309 dixi
728 2248 782 2327 §l
804 2243 861 2329 ll),
892 2242 1125 2308 Gronouiauus
1144 2247 1304 2332 patris.¹)

205 2349 259 2416 Da
278 2349 406 2414 Eliensi
429 2353 573 2416 secundo
595 2364 727 2439 propter
755 2351 875 2416 Dauisi
896 2350 1141 2437 neglegentiam
1165 2350 1303 2419 dubium

206 2472 249 2537 st,
271 2469 380 2521 utrum
404 2458 439 2521 in
462 2456 524 2521 hoe
548 2480 670 2544 genere
688 2480 732 2522 an
753 2459 787 2521 in
809 2456 869 2522 illo
895 2457 1015 2535 mixto,
1036 2455 1160 2542 dequo
1183 2458 1303 2539 dicam,

205 2561 377 2655 ponendus
396 2565 457 2638 slt;
478 2562 601 2628 inclino
624 2578 733 2628 tamen
759 2566 792 2626 in
810 2563 1024 2649 posteriorem
1048 2566 1257 2631 seutentiam.
1273 2568 1305 2650 ⁸)

231 2893 259 2961 ¹)
278 2890 343 2952 Lib.
363 2883 423 2958 lll,
448 2895 480 2947 41
503 2910 590 2966 quom
608 2891 763 2948 excidisset
781 2902 859 2953 este,
894 2906 947 2963 pro
966 2893 1042 2947 ouer
1062 2890 1254 2947 substitutum
1275 2904 1303 2950 st

276 2989 389 3042 holm.

226 3080 256 3144 ²)
275 3077 346 3130 0br.
366 3076 501 3130 (lisaniae
522 3078 554 3131 in
575 3078 699 3150 epistula
721 3074 842 3149 ιῃιιᾱιιιι
871 3072 908 3126 ad
932 3071 1110 3142 Scaliger-um
1127 3075 1301 3144 (Burmanni

275 3165 382 3239 Syllog.
400 3167 482 3220 Tora.
501 3166 528 3219 ll
547 3185 573 3240 p.
602 3174 655 3221 807
679 3174 708 3221 et
733 3170 799 3237 308)
819 3182 854 3220 ex
872 3162 959 3218 huius
976 3165 1091 3234 generis
1110 3167 1212 3224 codiee
1230 3189 1301 3226 non·

276 3257 357 3310 nulla
374 3257 493 3331 profert.

225 3353 254 3418 ⁸)
273 3348 446 3421 Plerumque
464 3365 480 3401 e
499 3348 599 3403 codice
616 3350 663 3407 El.
680 3356 719 3416 2,
736 3350 788 3404 ubi
806 3349 998 3419 distinguntur
1023 3368 1039 3403 a
1056 3352 1167 3424 primo,
1205 3356 1302 3427 profe.

275 3447 379 3494 runlur
397 3439 526 3495 melioris
547 3439 664 3497 familiae
687 3444 855 3516 scripturn,
892 3447 925 3494 ut
951 3441 982 3494 in
1001 3441 1078 3496 libro
1097 3439 1125 3496 ll
1147 3448 1164 3510 5
1187 3450 1222 3498 15
1237 3468 1301 3519 per-

274 3541 403 3604 uagata,
420 3537 455 3585 96
472 3532 612 3605 frangere
628 3535 706 3604 (sine
724 3555 798 3598 νειιις
838 3550 1007 3588 enumerans
1026 3534 1164 3589 Dardsins
1184 3553 1234 3591 eos
1255 3557 1301 3593 eo-

274 3622 363 3688 diees‚
380 3624 430 3696 qui
448 3625 549 3680 uerba:
585 3628 645 3698 Qui
663 3631 721 3682 lenc
746 3629 910 3682 didicerunt
929 3654 963 3666 -
980 3628 1022 3679 sie
1040 3628 1133 3681 solent
1151 3629 1302 3695 omittunt,

272 3712 350 3769 hune
369 3722 398 3769 et
423 3717 515 3772 Mean
543 3737 603 3774 non
626 3718 781 3787 continet),
808 3722 843 3770 ⁵⁶
873 3718 1023 3780 credebat,
1060 3723 1096 3772 65
1119 3721 1195 3773 harno
1219 3741 1300 3784 uero,

272 3812 307 3860 69
323 3807 445 3877 faceret,
464 3817 499 3862 71
512 3812 580 3866 uide
597 3815 696 3883 igitur,
714 3816 749 3864 89
768 3812 908 3864 miseriam
927 3828 1041 3872 ouem,
1060 3816 1095 3864 99
1112 3831 1211 3866 uerum
1230 3823 1301 3893 errae

273 3902 307 3949 93
326 3919 407 3971 quem
424 3923 592 3968 mammon,
616 3907 665 3972 (95
685 3912 769 3973 trrrpe
786 3904 846 3955 uiri
862 3922 918 3956 raon
938 3921 1015 3965 esse,
1035 3920 1099 3955 eum
1118 3905 1223 3960 mando
1245 3924 1300 3961 nee

273 3995 368 4048 lumen
386 3994 564 4064 occullut0‚)
590 4002 625 4050 99
640 3999 866 4068 atr'ucuuturrpue,
908 3999 959 4046 102
978 3998 1108 4067 prouocatio
1128 4004 1157 4049 et
1177 4000 1299 4061 ι’ᾰειιιιιο,

273 4086 321 4134 111
339 4093 427 4160 atque
444 4091 629 4143 abundaretis.
665 4087 710 4141 Ex
732 4087 779 4140 El.
809 4091 821 4138 1
849 4101 923 4158 saepe
942 4091 972 4138 at
990 4088 1150 4141 eommunis
1169 4089 1298 4162 interpo-

270 4174 340 4230 latio
359 4177 506 4248 prol'crtur
534 4183 567 4250 (8
586 4181 700 4234 hiarent
718 4177 786 4248 dre.)
806 4185 835 4232 et
853 4175 1007 4247 singularis
1027 4180 1090 4246 (17,
1108 4185 1160 4242 2³,
1181 4187 1234 4245 36,
1253 4188 1298 4245 58,

268 4272 321 4331 66,
355 4275 406 4333 79,
424 4272 481 4338 89).
539 4271 597 4326 Sed
616 4278 710 4324 minan
729 4268 870 4342 plurumis
899 4267 972 4322 loeis
990 4267 1128 4323 Dauisius
1146 4271 1207 4324 Pal.
1231 4278 1243 4325 1
1265 4293 1297 4328 ec

269 4361 351 4433 sequi
377 4360 465 4424 dicit,
501 4361 548 4418 El.
574 4366 593 4415 2
619 4380 679 4417 non
712 4360 836 4424 addeum
882 4366 969 4432 alque
995 4376 1029 4413 ex
1056 4357 1113 4416 lroe
1139 4372 1292 4437 corruptas
