2706 5018
126 342 187 402 12⁰
478 336 537 400 DE
561 334 736 403 FlNlBUS
761 332 863 402 BON.

128 536 178 596 uie
201 546 233 595 et
255 544 371 596 natura
395 534 552 595 orationis
577 546 609 595 et
632 535 900 617 consequentium
924 524 1214 615 repugnantium!

127 641 211 703 ratio
235 653 343 724 potest
365 640 522 725 perspiri3
569 641 713 702 onmium
739 653 848 702 autem
878 658 986 702 rerum
1018 648 1139 698 natura
1170 651 1214 694 ee·

127 748 231 831 guita,
256 744 403 809 leuamur
424 746 669 829 superstitione,
694 743 875 810 liberamur
895 745 1010 809 mertia
1033 754 1136 817 metu,
1158 758 1214 803 non

128 946 159 994 ut
178 940 305 996 Oreliiue
324 946 416 1011 putat,
437 941 513 1010 quod
532 940 560 993 in
580 939 716 1011 phynicia,
736 941 908 995 oratiarum
927 955 1036 1001 rernm,
1055 935 1099 990 eie
1116 948 1214 988 emme·

128 1032 171 1086 nie
189 1032 270 1104 erige
291 1035 468 1087 tractabatur
486 1033 617 1104 (Epicur.
636 1032 715 1102 cpiat.
738 1033 774 1086 ad
793 1033 901 1087 Herod.
921 1031 998 1103 apud
1015 1028 1104 1099 Dieg.
1119 1027 1158 1093 X,
1174 1024 1214 1087 72

128 1126 240 1184 barret.
251 1127 284 1191 V,
297 1125 397 1193 1⁰27),
417 1125 475 1180 alia
494 1126 610 1180 etenim
630 1125 820 1191 emanatura,
839 1143 898 1196 qua
917 1126 953 1179 ad
971 1122 1100 1195 logicam
1118 1128 1145 1174 et
1159 1115 1214 1173 die·

134 1219 266 1273 lecticam
284 1224 393 1289 apertat
412 1219 458 1284 (de
478 1219 654 1271 adfirmando
676 1226 704 1272 et
724 1218 853 1289 negando
871 1216 1047 1289 generaliter
1066 1221 1097 1268 et
1112 1214 1147 1266 de
1164 1211 1214 1265 rin·

115 1311 222 1381 gulis,
243 1328 358 1381 queque
376 1308 479 1371 rimilia
505 1326 522 1362 a
548 1310 651 1364 Steiria
677 1310 829 1381 diligenter
854 1308 1099 1378 exquirebantur).
1133 1305 1214 1359 tta-

128 1402 189 1463 dit,
209 1403 283 1472 qued
301 1403 400 1473 paullo
419 1408 499 1470 poet,
528 1402 577 1454 ubi
595 1399 824 1472 ἄνακεφαλαίωσιε
839 1402 873 1455 tit
894 1401 954 1469 (Sic
974 1400 1127 1469 epbyeicie
1143 1397 1214 1465 irc),

129 1493 201 1548 nihii
220 1495 254 1546 de
282 1495 337 1546 hec
363 1493 544 1562 physicorum
571 1495 656 1546 leude
687 1494 770 1557 dicit,
806 1493 853 1546 ned
879 1509 896 1546 a
922 1491 1091 1546 fertitudine
1115 1490 1214 1563 iecipffi

128 1602 188 1655 qne
214 1585 366 1655 respondet
390 1583 435 1638 lrie
462 1585 622 1655 proaemio:
657 1587 773 1639 omniurn
796 1592 889 1637 eutem
920 1601 1013 1637 reram
1039 1590 1141 1636 natare
1163 1582 1214 1643 ee.

127 1683 226 1748 Itaque
251 1693 307 1729 non
335 1674 441 1731 iniuria
466 1678 626 1748 reperiorer
666 1677 835 1749 interpreter
867 1675 998 1729 nonnulli
1033 1675 1214 1745 offenderunt,

128 1786 197 1838 quer
205 1767 291 1822 Gaiae
311 1785 412 1838 parum
432 1778 514 1824 aente
533 1776 561 1824 et
579 1769 782 1840 intellegenter
801 1769 920 1823 refellit.
949 1768 1006 1822 Sed
1025 1785 1136 1821 emnem
1151 1778 1214 1823 ceri

128 1860 241 1933 rigendi
266 1868 402 1916 renatum
428 1861 558 1934 reprimit
572 1862 697 1933 primurn
724 1859 860 1915 orationi·
879 1867 947 1931 apta
974 1860 1070 1913 ferma
1096 1867 1123 1914 et
1146 1858 1214 1915 nrt·

128 1960 217 2024 ptura
237 1954 405 2016 constantie,
428 1962 488 2008 tum
511 1953 601 2025 megin
621 1955 702 2018 illud,
724 1955 797 2022 quod
817 1952 903 2007 nulli·
922 1952 1063 2006 mechinia
1082 1952 1214 2023 erfleipe*

127 2053 192 2110 teet,
211 2051 242 2099 ut
262 2045 289 2098 id
310 2045 409 2098 cicere
428 2045 546 2111 dixerit,
584 2047 658 2115 quod
676 2063 775 2099 uerum
797 2051 877 2110 eret,
916 2045 975 2098 hec
993 2046 1210 2115 Epicurum·

128 2144 275 2201 tractatae,
293 2137 368 2206 qued
386 2136 419 2190 iie
437 2155 467 2191 ee
486 2138 573 2191 iaeile
589 2155 687 2191 rarrre
705 2144 919 2209 poenepotarct.
948 2133 1114 2190 Etincident
1126 2135 1210 2201 enan.

129 2229 179 2299 qui
198 2227 344 2299 corrigere
361 2231 469 2294 uolent,
488 2229 587 2284 hired
606 2229 786 2283 dinlertiram
801 2229 956 2294 trenalatia
974 2229 1003 2282 in
1022 2230 1137 2282 eandem
1152 2242 1207 2298 pet·

128 2320 312 2385 uerritatem,
348 2338 432 2392 quam
453 2321 480 2373 in
502 2320 601 2374 Dauiei
627 2321 861 2392 interpretatione
887 2320 1001 2385 notaui,
1042 2329 1075 2374 nt
1092 2320 1206 2375 laudet!

130 2413 347 2484 neceesariaque
366 2414 530 2466 ostendetur
549 2414 709 2468 dialectieo.
745 2416 844 2483 ltaque
862 2413 917 2466 Th.
938 2412 1103 2477 Bentleine,
1135 2422 1205 2482 qm

129 2505 284 2558 bambiuue
308 2506 536 2574 trauepeneude,
561 2507 716 2570 mutando,
744 2507 891 2570 addendo,
928 2505 1050 2557 delendo
1069 2501 1135 2558 nibil
1152 2516 1204 2573 pre·

129 2594 261 2662 lecieaet,
298 2596 364 2650 lorti
384 2596 510 2649 remedio
528 2598 588 2650 bec
606 2597 822 2652 emeiuuerbn:
864 2598 1033 2650 concientia
1053 2626 1085 2637 -
1101 2584 1209 2665 μηρῖ

128 2688 267 2754 tellebut3
286 2689 390 2742 oblitus
410 2695 503 2742 lamen
522 2697 563 2744 eet
580 2690 666 2742 eirnui
688 2709 739 2759 pre
759 2698 850 2743 aetem
869 2707 1008 2759 reponere
1025 2691 1102 2743 cuim.
1144 2682 1206 2758 Qnfl

130 2796 199 2850 ergo
219 2779 268 2834 eti
306 2780 404 2834 Cicero
424 2781 558 2851 deceptor
576 2781 628 2834 ille
649 2779 774 2845 συντάξει
792 2776 837 2837 rei
857 2777 969 2852 ‹peremi›
987 2788 1033 2835 ael
1050 2780 1101 2837 reri
1115 2797 1208 2837 enm

129 2870 177 2927 aeri
204 2872 329 2944 plryeice
354 2875 505 2944 ampliores
532 2873 609 2927 dedit
632 2874 711 2938 tieie,
748 2891 833 2944 quam
862 2873 977 2934 debuit,
1015 2890 1067 2926 aec
1084 2863 1211 2927 relnnrei

128 2963 267 3021 rereme'r
284 2967 309 3019 ei
325 2965 445 3019 subierit
463 2965 510 3018 red
531 2964 659 3018 nonnihil
679 2966 865 3019 eSteicerum
883 2963 1050 3018 dialectieie.
1078 2965 1209 3019 Pontem

130 3057 203 3123 qued
224 3057 310 3111 Gaiae
330 3058 507 3110 dialecticam
527 3065 637 3111 tentum
656 3064 742 3109 artem
766 3075 825 3111 eree
843 3058 899 3122 ait,
936 3074 992 3110 non
1013 3058 1169 3118 trientinae,
1184 3059 1210 3109 nl

130 3146 295 3217 physicam,
322 3149 466 3220 ignorauit
485 3150 627 3204 Ciceronis
646 3146 803 3219 interprete,
824 3167 858 3202 ne
876 3149 1024 3221 physicam
1044 3149 1156 3218 quidem
1171 3151 1214 3201 ul

131 3239 221 3291 ullam
240 3240 327 3293 alium
346 3243 397 3294 ille
422 3244 521 3306 mede,
559 3252 589 3296 ut
616 3240 676 3312 ipsa
702 3242 851 3311 disciplina
881 3242 1083 3312 intellegatur,
1125 3237 1214 3295 Latine

130 3329 277 3383 erientiam
297 3335 459 3401 appellari,
499 3335 546 3387 red
572 3335 600 3386 iu
630 3333 748 3404 physico
775 3351 834 3386 erae
853 3332 974 3402 phyaiere
993 3332 1160 3397 erientiam,
1192 3330 1214 3387 in

131 3422 282 3475 dialectico
301 3422 462 3478 dialectiea.
525 3427 622 3494 ltaque
642 3426 792 3479 dialectiea
811 3425 937 3478 continet
957 3432 985 3477 et
1005 3426 1117 3479 homini
1136 3426 1214 3480 neten

129 3515 323 3581 perspiciendi,
342 3518 408 3582 quid
429 3517 456 3567 r‘n
474 3535 579 3585 queque
597 3535 627 3569 re
645 3519 691 3578 eit,
711 3519 854 3570 erientiam
872 3522 921 3584 (ΙΙ,
941 3515 997 3583 18),
1017 3525 1046 3570 et
1064 3517 1137 3589 ipra,
1155 3534 1214 3588 qur

131 3616 211 3659 tenne
239 3606 266 3660 iu
295 3607 410 3660 homine
434 3617 476 3672 et,
517 3608 619 3662 dicitur
655 3610 809 3662 disserendi
834 3609 907 3660 ratio
934 3616 960 3660 et
985 3611 1102 3663 scientie
1128 3612 1214 3678 (Tm

132 3701 165 3762 l',
184 3697 243 3759 72).

201 3792 325 3844 leuentur
344 3794 538 3859 superstitione
557 3793 627 3860 dre.)
666 3795 784 3863 Semper
810 3792 949 3863 Epicureo
967 3791 1085 3863 pityrion
1113 3810 1166 3847 ena
1186 3794 1214 3849 eir

132 3883 251 3949 leutiut,
288 3900 342 3935 nen
361 3891 393 3937 ut
420 3885 575 3954 cognitioni
603 3886 655 3954 ipei
685 3894 713 3938 et
736 3883 1093 3955 meditationi‘quiequarn
1120 3885 1214 3943 tribu

131 3993 183 4044 per
202 3992 249 4040 re,
266 3976 313 4028 red
334 3981 366 4029 ut
384 3975 516 4030 mineram
535 3977 617 4030 illam
638 3978 859 4030 consolationem
881 3978 1016 4041 extollat,
1054 3977 1151 4047 qiuari
1171 3996 1214 4033 net

133 4073 247 4137 egeret,
286 4067 407 4122 libenter
425 4069 542 4140 phyaira
568 4089 623 4123 uon
650 4071 742 4123 minua
767 4087 851 4139 quem
879 4068 1028 4123 dialectiea
1053 4069 1119 4122 aliie
1137 4071 1214 4125 rciin·

133 4165 242 4228 queret.
278 4160 425 4216 Sententia
444 4163 473 4215 X
495 4162 592 4233 (Dieg.
615 4163 656 4224 x,
678 4161 761 4232 rtem
799 4157 836 4215 Εἰ
849 4163 940 4231 μηθὲν
958 4157 1029 4230 ἤμᾶε
1046 4156 1076 4215 eu‘
1093 4162 1214 4231 entre

132 4247 270 4322 μετεώρων
289 4248 405 4318 ὑποψίαι
424 4250 557 4322 ἠνώχλουν
575 4262 618 4308 uel
633 4250 664 4308 ei
688 4261 749 4323 περὶ
770 4250 905 4320 θανάτου,
939 4248 1045 4322 μήποτε
1070 4249 1137 4324 erpe'r
1152 4238 1214 4324 ἤμιῗι

133 4345 191 4410 εἴη,
227 4345 265 4399 ἔτι
284 4341 307 4398 τ’
324 4343 481 4414 ἠδυνάμεθα
500 4352 572 4400 νοεῖν
591 4343 649 4402 terit
667 4340 742 4416 ὅρους
760 4344 811 4400 veie
828 4340 979 4416 ἄλγηδόνων
998 4350 1040 4398 aeti
1059 4338 1214 4415 ἔπιθυμοοῖη
