2706 5018
358 355 417 422 ΕΤ
439 354 551 424 unt„
569 355 657 423 Llll.
675 357 726 424 lll
748 357 845 427 CAl’.
864 361 918 424 22.
1127 364 1192 427 479

111 570 181 615 sus
202 550 377 618 conficitur
399 575 539 640 persona
561 558 736 641 sapientis!
782 558 856 642 qui,
902 579 998 643 quoru
1023 558 1108 622 ratio
1131 557 1188 622 do·

108 661 217 739 uerit,
236 661 323 746 quod
347 660 520 726 honestum
542 677 644 741 essct,
666 663 698 726 id
722 684 795 727 esse
819 661 1081 745 solumbonum,
1104 686 1190 729 sarn-

108 784 151 827 er
180 767 223 828 sit
252 788 388 831 necesse
419 782 448 832 st
477 767 613 849 beatus,
655 791 799 856 uereque
831 773 940 834 onmia
970 773 1033 835 ista
1056 774 1188 836 nomina

108 872 280 951 rossideat,
325 896 408 959 quae
440 877 569 939 irrideri
603 876 645 940 ab
678 879 829 962 inperitis
862 875 982 942 solent.
1052 878 1187 942 Rectius

108 977 182 1042 cuim
203 977 425 1066 appellabitur
446 1003 528 1060 rex,
549 1004 645 1067 quam
669 980 882 1068 Tarquinius,
904 986 958 1069 qui
985 1006 1045 1047 nec
1067 1006 1103 1047 se
1127 1006 1187 1048 nec

108 1102 174 1147 suos
191 1108 306 1171 regere
332 1089 456 1172 potuit,
494 1090 616 1153 rectius
643 1092 800 1175 magister
821 1088 933 1176 populi
966 1091 1008 1174 (is
1031 1092 1117 1154 enim
1140 1091 1190 1153 di-

108 1198 197 1253 ctutor
217 1192 291 1273 est),
319 1215 415 1278 quam
440 1192 546 1274 Sulla,
568 1198 622 1280 qui
646 1198 742 1259 trium
767 1197 997 1282 pestiferorum
1019 1198 1188 1276 uitiorum,

109 1288 266 1377 luxuriae,
291 1302 464 1377 auaritiae,
485 1300 690 1366 crudelitatis
713 1305 869 1390 magister
895 1304 968 1381 luit,
992 1305 1114 1366 rectius
1135 1304 1184 1366 di-

112 1418 169 1479 sits,
189 1426 282 1490 quarn
307 1404 466 1484 Crassus,
491 1409 545 1492 qui
568 1409 631 1471 nisi
654 1411 811 1492 eguisset,
837 1431 1012 1494 numquam
1036 1408 1186 1494 Euphra·

115 1514 182 1587 leur,
207 1510 299 1575 nnlla
322 1510 399 1576 belli
426 1534 561 1593 caussa,
596 1516 735 1577 transire
760 1514 932 1579 uoluisset.
988 1514 1090 1579 Recte
1114 1518 1185 1579 eius

117 1618 394 1697 maledicentur,
417 1623 471 1705 qui
496 1623 558 1684 seit
582 1623 631 1683 uti
656 1620 747 1685 solus
772 1621 941 1697 omnibus;
974 1634 1062 1684 recte
1085 1624 1184 1687 etiam

117 1718 226 1805 pulcher
253 1723 493 1811 appellabitur3
542 1730 641 1791 animi
673 1730 760 1791 enim
793 1727 993 1792 lineamenta
1015 1742 1092 1790 sunt
1113 1726 1185 1813 pnl-

120 1820 218 1895 tlriora
240 1854 337 1918 quum
363 1835 530 1920 eorporis;
575 1848 663 1899 reete
687 1833 779 1897 solus
802 1832 908 1913 liber,
954 1855 1014 1898 nec
1037 1833 1184 1899 domina·

121 1929 177 1999 litui
194 1940 384 2025 cuiusquam
407 1960 526 2026 parens
551 1963 611 2004 nec
634 1939 792 2005 obediens
812 1940 999 2025 cupiditati3
1020 1942 1073 2004 76.
1096 1953 1184 2004 recte

120 2032 249 2123 iniens,
281 2048 375 2111 cuius
399 2049 499 2110 etiam
524 2048 552 2109 si
576 2067 693 2133 corpus
713 2049 977 2132 constringatur,
1000 2048 1110 2110 animo
1136 2060 1184 2110 ta·

120 2156 173 2211 ssu
201 2149 337 2216 uincula
361 2155 439 2217 inici
464 2150 556 2218 nulla
580 2156 718 2235 possint.
786 2150 857 2217 Nec
892 2167 1045 2238 expectet
1079 2151 1183 2219 ullum

117 2256 219 2341 'terpus
240 2261 379 2337 aetatis,
402 2272 437 2322 ut
457 2272 525 2322 turn
550 2260 690 2346 denique
714 2260 895 2339 iudicetur,
922 2258 1080 2324 beatusne
1105 2261 1184 2324 lue-

150 2437 181 2483 li·
194 2453 299 2500 seseque
313 2464 341 2476 -
355 2442 481 2500 possidest)
496 2443 576 2489 ΜΒ
614 2455 658 2486 uec
672 2445 736 2497 sues)
750 2444 841 2489 sunau
876 2445 975 2489 dictetur
988 2448 1034 2499 est)
1050 2450 1088 2489 eet
1102 2446 1184 2491 diets·

109 2506 296 2563 btrucuor.
345 2519 460 2573 dicentur)
475 2519 655 2565 sair-tenturli
693 2521 810 2576 corperis)
825 2522 1007 2576 corporibusli
1048 2534 1091 2565 see
1106 2521 1184 2573 ebed.)

108 2586 220 2643 Wsesi.
234 2595 318 2641 lacon
351 2597 386 2641 7⁸.
402 2596 499 2653 possint)
511 2596 648 2653 poscentia
676 2597 728 2650 nee)
741 2598 875 2650 accusor.
902 2600 1020 2654 espectet)
1035 2595 1183 2653 exspuerit

108 2656 174 2721 'lui
184 2671 318 2716 sullanis
347 2677 372 2715 ut
386 2672 444 2727 tun)
459 2675 582 2716 uirtutum
597 2670 638 2714 ΕΡ

162 2826 202 2881 75.
235 2845 359 2897 persono
378 2827 525 2895 sepientis)
564 2827 648 2879 Hanc
672 2825 773 2894 quibus
792 2826 936 2879 coloribus
954 2823 1042 2878 Stoici
1064 2840 1182 2889 erorns7

108 2916 203 2985 tulus,
222 2921 317 2975 notius
334 2922 376 2973 esi
395 2936 479 2988 qrrsru
499 2926 529 2972 ui
549 2919 671 2972 ullorum
690 2917 860 2987 scriptorum
880 2920 957 2971 locos
976 2914 1024 2969 hic
1042 2918 1185 2987 adponere

108 3014 167 3075 Opts
180 3011 229 3075 sit,
245 3030 317 3082 quos
334 3013 522 3082 conlegerunt
541 3011 651 3080 Lipsius
668 3010 784 3063 Munud.
805 3011 839 3062 ud
859 3009 935 3063 Phil.
954 3009 1041 3062 Stoie.
1061 3008 1112 3062 lib.
1132 3009 1183 3074 lll,

109 3092 206 3156 'kil
224 3122 302 3174 sqq„
340 3104 552 3157 Tiedemunnus
579 3104 653 3173 Syst.
679 3102 787 3155 Philus.
811 3101 898 3156 stete.
925 3107 965 3154 111
991 3120 1018 3172 p.
1043 3100 1096 3154 27⁰
1113 3119 1183 3191 sep,

108 3182 309 3250 'fessemsnnus
329 3196 365 3248 ll'
383 3215 410 3267 p.
432 3196 483 3248 lot
500 3212 569 3267 sqq,
589 3195 648 3249 ulii.

165 3286 186 3338 is
202 3290 271 3341 enisi
290 3290 411 3341 dictator
429 3292 484 3356 est)
503 3292 567 3343 lloc
587 3287 685 3341 ordine
704 3287 791 3341 etiarn
810 3287 884 3357 Spir.
905 3290 934 3337 ci
950 3287 1016 3339 Bas.
1072 3288 1185 3343 Editio·

114 3380 253 3433 Rernucs
273 3388 315 3433 est
334 3381 470 3444 dictator,
509 3398 563 3434 non
590 3382 629 3433 itu
656 3379 754 3449 pnuucis
777 3378 865 3443 lor-is,
902 3378 952 3431 uiri
972 3385 1013 3430 cst
1031 3389 1094 3448 post
1114 3383 1183 3436 enirn

115 3466 179 3523 istie
194 3474 258 3525 scdc
277 3470 409 3543 ponitur,
450 3472 478 3525 in
498 3482 628 3542 qrrurtsnr
647 3472 755 3527 retrahi
775 3471 883 3524 codices
902 3470 1009 3524 tutent.
1046 3474 1088 3525 lie
1107 3475 1177 3529 uoti·

117 3566 157 3621 μ
169 3562 310 3619 dirtstoris
328 3565 523 3634 appellatione
542 3566 637 3620 omnis
656 3574 740 3630 note,
757 3564 806 3618 scd
822 3564 849 3616 ic
864 3579 897 3615 es
915 3565 1049 3631 magister
1068 3566 1182 3633 dicitur,

119 3646 251 3726 ὓπςίίς
274 3656 375 3710 Cicero
396 3658 520 3711 ludendo
539 3656 680 3729 ambigue
701 3656 777 3710 uer-is
797 3658 917 3710 ultorum
935 3654 1181 3725 significationem,

118 3745 199 3803 Die
213 3750 330 3803 doctore
349 3749 480 3819 ponitur,
498 3746 631 3807 adsumit.
672 3749 775 3803 Paullo
795 3757 857 3818 post
876 3748 950 3819 Spir.
969 3749 1095 3815 dicetur,-
1121 3754 1182 3807 Bri.

121 3832 249 3907 Unum,
265 3838 357 3895 uelim
375 3840 524 3906 sdnoturi,
543 3858 627 3912 quum
647 3842 796 3895 confirmet
812 3847 938 3893 nostram
956 3839 984 3894 in
1005 3841 1070 3897 libr.
1092 3845 1121 3907 l,
1147 3845 1182 3898 17

122 3930 315 3987 witrionem
334 3932 521 4004 (Democritio
543 3934 625 4001 dicit)
652 3950 684 3987 er
704 3934 804 3989 eodem
823 3931 897 3985 libro
922 3935 1075 4002 sumptam.
1109 3935 1181 3990 Nem

122 4004 155 4067 ff
168 4020 222 4079 siss
237 4025 345 4091 scribe,
364 4043 448 4096 quoru
466 4044 485 4078 a
502 4025 675 4081 adiunxisset
692 4026 727 4078 sd
744 4025 880 4088 dicentur,
898 4022 1000 4078 coiecit
1017 4025 1182 4092 adicientur,

124 4104 187 4165 sut
201 4112 228 4170 is
256 4117 447 4173 deterioribus
465 4117 563 4170 adiicit
583 4124 681 4171 natum
702 4123 736 4171 st.

172 4202 222 4261 dcc
243 4216 366 4279 espectet
391 4208 480 4262 ulluss
507 4216 614 4279 tempus
631 4210 738 4277 atatis)
756 4210 788 4263 lu
808 4206 895 4279 ipsius
911 4208 1046 4278 sapientis
1069 4208 1181 4262 actione

125 4280 275 4357 *iuste
292 4301 396 4359 trsnsit
408 4303 446 4357 sd
462 4302 676 4375 hypotheticam
695 4300 829 4358 cretionis
847 4302 970 4355 forman
989 4302 1103 4374 (nepus,
1134 4299 1183 4366 pei
