2706 5018
211 325 319 393 xxtl
635 321 891 431 PRAEsA'rlo.

211 519 303 586 ribus
326 541 372 584 ex
394 517 454 583 illo
478 520 559 583 ortis
579 518 792 585 multifariam
816 519 1001 607 dispertiri,
1023 519 1168 584 ostendit
1190 540 1304 607 perpe·

212 640 288 692 tuus
315 627 491 690 eorundem
515 626 662 690 codicum
687 627 783 690 iniis
806 624 901 706 locis,
924 623 982 689 ubi
1004 623 1162 689 notabilis
1183 624 1305 690 discre-

212 734 324 820 pantia
345 743 394 810 st,
439 752 629 796 consensus.
685 731 796 819 Atque
817 734 847 797 is
869 753 1049 798 consensus
1070 731 1235 796 eiusmodi
1265 747 1305 813 st,

213 852 266 919 ut,
293 823 351 925 qui
373 837 565 924 diligentius
588 836 701 922 paullo
726 838 899 918 adtendat,
921 836 1019 902 facile
1043 838 1174 919 uideat,
1199 843 1235 904 in
1258 839 1304 905 al·

213 946 293 1009 teris
302 967 403 1032 prope
414 957 603 1010 constanter
618 967 658 1010 ea
675 967 759 1024 esse,
775 967 846 1032 quse
863 967 881 1008 e
894 945 1131 1009 contrariorum
1144 947 1306 1032 scriptura

213 1070 319 1138 neque
343 1072 421 1115 casu
444 1072 549 1138 neque
574 1052 730 1116 mutando
752 1064 824 1114 orta
846 1071 919 1114 esse
944 1051 1091 1136 possint,
1115 1053 1149 1115 in
1171 1051 1226 1116 bis
1251 1074 1307 1118 au·

213 1170 280 1222 tem
304 1179 365 1237 ea,
410 1178 482 1243 quta
504 1158 661 1245 adpareat
684 1168 741 1220 aut
764 1174 809 1219 ex
834 1159 980 1241 priorum
1011 1158 1174 1242 scriptura
1195 1177 1306 1222 errore

212 1264 341 1329 detorta
363 1285 437 1328 esse
463 1273 530 1344 aut,
557 1265 642 1350 quod
666 1284 706 1327 ea
727 1274 784 1326 aut
806 1283 872 1326 non
890 1253 1141 1349 intellegeretur
1159 1274 1218 1328 aut
1236 1265 1309 1350 ipsa

210 1369 332 1435 leuiter
369 1369 549 1455 deprauata
587 1382 677 1433 esset
714 1381 771 1433 aut
798 1371 833 1433 in
877 1366 938 1432 bos
968 1370 1064 1432 initio
1092 1367 1308 1457 neglegenter

214 1477 429 1561 transcripta,
457 1475 499 1539 ad
522 1473 752 1540 difficultatem
777 1470 957 1539 tollendam
980 1474 1177 1539 meudumue
1200 1475 1308 1541 occul·

213 1583 348 1647 tandum
371 1583 564 1668 excogitata
593 1602 678 1646 esse.
747 1580 862 1668 ltaque
892 1583 927 1645 in
951 1579 1116 1668 prioribus
1147 1580 1237 1660 illis,
1279 1583 1309 1645 si

213 1687 388 1754 consilium
411 1700 444 1752 et
466 1687 623 1752 uoluntas
648 1691 803 1752 uniuerso
824 1700 1008 1774 spectatur,
1051 1687 1172 1753 codicis
1194 1686 1309 1752 arche·

213 1797 283 1880 typi
304 1796 465 1882 scriptura
488 1791 633 1858 fideliter
657 1774 852 1859 conseruata
874 1805 907 1858 et
927 1805 1109 1881 propagata
1131 1806 1180 1872 st,
1217 1807 1310 1858 sunt·

215 1922 278 1986 que
301 1898 354 1964 illi
377 1897 552 1981 meliores,
574 1903 609 1965 in
634 1900 685 1966 his
710 1922 750 1965 ea
772 1902 964 1986 sapissurne
985 1898 1216 1987 interpolando
1240 1921 1311 1965 cor·

214 2019 311 2094 rupta
336 2019 379 2070 st.
443 2007 554 2093 Atque
577 2006 613 2070 id
634 2019 701 2070 tam
724 2019 755 2070 st
777 2007 999 2086 manifestum,
1020 2018 1057 2070 ut
1079 2015 1112 2069 et
1133 2028 1154 2071 a
1175 2002 1311 2071 Bromio

215 2113 480 2177 animaduersum
502 2115 545 2175 sit
567 2125 601 2175 et
627 2124 744 2197 postea
773 2135 793 2178 a
817 2111 1003 2177 Goerenzio
1030 2124 1064 2177 et
1083 2110 1160 2176 aliis
1181 2112 1310 2199 duplex

216 2217 345 2284 familia
365 2219 513 2283 codicum
532 2227 791 2287 conmemorata.
862 2218 928 2285 Sed
947 2219 1046 2283 iidem
1070 2219 1212 2302 (tantum
1232 2218 1311 2284 abe·

214 2338 278 2405 rat,
300 2338 336 2390 ut
358 2322 612 2411 intellegerent,
637 2323 734 2411 quale
759 2336 863 2388 totum
885 2325 948 2390 hoc
969 2326 1145 2389 discrimen
1167 2338 1258 2390 esset
1278 2338 1313 2389 et

213 2452 314 2518 quam
338 2433 406 2496 nim
430 2430 568 2497 heberet
598 2432 639 2495 ad
661 2451 792 2495 omnem
817 2433 1078 2496 testimoniorum
1103 2431 1144 2496 de
1168 2430 1311 2517 singulis

215 2536 299 2602 locis
324 2539 598 2622 aestumationem)
620 2540 812 2623 saepissume
828 2539 861 2600 in
885 2535 1032 2624 apicibus
1048 2537 1310 2602 deterrumorum

216 2643 363 2707 codicum
387 2644 547 2709 iactandis
570 2642 733 2723 luserunt,
753 2641 958 2707 Goerennius
980 2646 1080 2708 etiam
1094 2642 1179 2708 salsa
1203 2644 1309 2708 deco·

214 2747 343 2814 dinibus
368 2750 530 2814 narrando
551 2761 655 2813 totam
678 2749 879 2814 laruiliarum
891 2750 1133 2814 distinctionem
1147 2749 1310 2835 plurumis

214 2854 298 2920 locis
320 2854 521 2921 obscurauit.
592 2855 718 2933 Uerum
739 2859 805 2937 ita,
848 2869 885 2920 ut
908 2856 1003 2934 dixi,
1042 2876 1135 2935 esse,
1166 2857 1308 2943 primum

216 2964 393 3029 ostendunt
415 2964 655 3044 additamenta,
703 2985 775 3051 quae
801 2964 836 3026 in
859 2964 963 3027 isdem
993 2961 1160 3026 codicibus
1184 2961 1310 3028 boerent

216 3071 334 3155 partim
365 3086 443 3132 casn
472 3083 549 3132 neta
574 3071 695 3153 partim
727 3066 1003 3155 interpolatione,
1049 3070 1083 3131 in
1116 3069 1222 3134 altero
1252 3093 1308 3158 ge·

215 3192 295 3237 nere
318 3192 385 3235 non
408 3187 496 3235 sum.
550 3171 674 3237 Casum
694 3185 728 3237 et
751 3195 896 3239 errorem
917 3173 1061 3255 habent,
1093 3197 1165 3262 quse
1189 3175 1224 3256 l,
1267 3179 1309 3241 26

215 3276 379 3343 adduntur
403 3278 535 3360 (etenim
559 3276 633 3360 ric.)
658 3291 691 3343 et
714 3277 741 3359 l,
764 3281 808 3345 8⁰
831 3281 1044 3365 (uoluptatem
1067 3287 1166 3345 etium
1183 3281 1266 3365 dc.)
1281 3283 1308 3365 ¹)

213 3380 503 3469 interpolationem
526 3382 746 3464 manifestam,
772 3407 844 3473 quse
868 3378 903 3467 l,
923 3389 967 3452 50
990 3391 1069 3468 (nun
1088 3396 1198 3473 potest
1221 3386 1309 3471 fiere)

215 3503 251 3554 et
265 3489 309 3570 ll,
331 3492 373 3553 12
394 3489 467 3573 (sed
477 3487 578 3567 sorte
598 3491 737 3577 dicitis),
753 3495 794 3558 17
812 3494 962 3577 (dicere),
986 3494 1187 3580 19(quo,44
1206 3494 1310 3577 (tuum

215 3603 249 3659 rt
267 3603 306 3659 et
326 3598 511 3681 suggeras),
530 3599 575 3663 bb
598 3599 741 3681 (coeunt
764 3598 850 3684 dc),
870 3604 914 3665 67
934 3598 1068 3684 (iubere
1095 3604 1225 3663 testium
1258 3608 1312 3665 sut

216 3702 290 3786 est),
319 3704 363 3766 Μ
385 3703 528 3789 (quam),
551 3702 735 3801 *multaque
778 3727 838 3792 per
876 3719 1002 3772 ceteros
1032 3705 1137 3772 libros
1175 3705 1309 3771 similia.

217 3805 345 3871 Deinde
368 3808 456 3874 idem
485 3809 654 3875 declarant
686 3810 790 3877 uerba
818 3814 853 3877 in
879 3813 931 3877 his
956 3811 1112 3878 omnibus
1143 3811 1310 3878 codicibus

236 4077 265 4148 ¹)
284 4077 371 4145 Quod
386 4079 420 4134 in
436 4078 534 4152 priore
560 4081 624 4136 leco
649 4081 755 4138 Maseli
772 4083 861 4140 codex
878 4087 908 4153 (e
926 4080 1107 4150 melioribus)
1133 4059 1308 4139 additamen-

284 4176 346 4224 tum
369 4169 488 4226 uidetrm
512 4171 635 4239 babere,
670 4175 696 4229 is
725 4193 757 4230 se
774 4175 834 4231 brec
863 4177 914 4230 ”in
939 4183 1039 4230 uetere
1060 4179 1184 4251 quodam
1210 4195 1306 4230 manu-

281 4263 391 4337 scripto
416 4263 535 4320 codice”
560 4267 722 4340 repperisse
746 4268 805 4332 eit,
842 4267 986 4341 morundo
1012 4267 1049 4321 de
1068 4268 1190 4324 sacillo
1209 4277 1308 4324 uetere

283 4357 381 4428 (quem
399 4355 455 4411 iam
480 4363 525 4412 ter
543 4365 625 4413 antea
645 4361 812 4434 appellauit)
830 4376 984 4433 nunqnam
1001 4358 1137 4434 loquitur.
