2706 5018
130 378 193 442 LX
551 373 804 438 l'lltlll'A'l'lO.

128 562 168 624 de
194 561 315 647 duplici
337 559 479 623 editione
502 559 573 621 siae
595 560 694 620 totius
715 561 824 643 operis
846 561 917 622 siue
937 559 1014 624 libri
1039 562 1144 644 quinti
1168 579 1218 622 cu·

128 670 266 752 gitauit,
312 663 393 728 nihil
426 675 495 737 cst3
541 666 720 727 tantumin
744 665 805 729 hoc
828 688 943 751 opere,
988 677 1022 727 ut
1046 668 1079 727 in
1104 667 1220 729 ceteris

129 773 293 852 omuibus,
317 771 481 856 quamdiu
505 770 645 833 nondum
668 769 811 835 librariis
832 771 1058 850 describenda,
1071 783 1106 833 at
1120 768 1222 832 diuol-

130 893 298 965 garentur,
324 877 511 952 tradiderat,
536 874 675 939 subinde
700 877 825 964 aliquid
850 881 1016 957 inritauit.)
1063 876 1101 938 ln
1124 897 1224 959 opere

130 984 343 1070 conponendo
366 995 496 1045 secutus
522 995 588 1059 est,
612 997 647 1045 ut
679 982 780 1061 alibi,
803 982 995 1046 Aristotelis
1018 981 1223 1066 dialogorum

129 1112 266 1168 rnorem,
284 1089 338 1152 hic
356 1088 485 1174 quidem
510 1090 609 1151 ctiam
635 1091 691 1167 ita,
714 1103 750 1152 ut
774 1091 844 1174 ipsc
868 1092 970 1173 partis
995 1110 1118 1173 easque
1143 1109 1224 1173 prar-

126 1199 240 1282 oipuas
262 1195 422 1257 sermonis
446 1193 595 1272 haberet,
619 1195 891 1279 quemadmodum
917 1195 1119 1258 Aristoteles
1132 1195 1220 1256 sole·

129 1302 205 1381 bat,
241 1301 327 1386 qaod
351 1299 465 1363 Cicero
489 1303 521 1363 in
548 1298 642 1362 libris
666 1302 706 1364 de
733 1313 859 1377 oratore
884 1302 993 1383 (etde
1018 1323 1053 1364 re
1078 1299 1224 1386 publica)

126 1407 222 1471 alitor
248 1408 446 1469 instituerat.
459 1406 482 1486 ¹)
532 1402 597 1468 Sed
624 1427 696 1470 eam
731 1407 868 1471 foratam
895 1405 1161 1471 adcommodauit
1184 1405 1224 1467 ad

129 1563 361 1581 anun-*-

197 1656 233 1708 de
256 1651 427 1723 Epicureo),
465 1659 498 1703 ut
521 1652 613 1713 stolen·
652 1654 708 1705 etsi
724 1651 1018 1726 μεθαρμὸιιομαι
1037 1656 1068 1706 ia
1082 1662 1223 1723 posteram

195 1764 286 1818 peraeta
305 1747 355 1797 bue
371 1761 565 1814 personarum.
600 1742 713 1796 Deinde
731 1743 805 1808 xit,
825 1749 878 1810 45,
898 1745 984 1798 initio
1002 1746 1109 1799 ratensis
1138 1743 1225 1801 larnii.

197 1838 310 1902 scribit,
328 1854 358 1890 se
372 1837 487 1888 Astura
500 1835 558 1888 duo
573 1853 672 1906 magna
684 1835 855 1907 συντάγματα
873 1837 1042 1902 absolrdsse,
1058 1856 1121 1910 apuu
1139 1837 1224 1889 ctiam

196 1937 314 2004 propter
339 1947 423 1981 usum
448 1927 528 1981 uocis
555 1924 694 1998 σύνταγμα
721 1929 829 1980 rectius
859 1930 1029 1985 Academica
1055 1938 1085 1984 et
1103 1931 1135 1983 hi
1156 1930 1223 1982 libri

197 2023 404 2091 intelleguntur
430 2039 513 2092 quam
531 2018 588 2071 (luo
613 2019 850 2074 Academicorum
870 2022 947 2076 libri.
968 2023 1059 2087 xlll,
1096 2029 1133 2075 32
1154 2023 1224 2076 Tor·

197 2120 330 2185 quactum,
348 2111 378 2164 id
398 2118 458 2175 est,
476 2111 600 2183 primum
617 2111 724 2163 librum
743 2114 778 2165 dc
798 2112 925 2178 linibus,
955 2116 1051 2171 llomse
1071 2133 1135 2168 esse
1154 2114 1224 2167 dicit

197 2210 245 2273 (ut
271 2202 483 2272 describatur),
520 2200 655 2255 Catulum
686 2211 715 2256 et
748 2204 899 2259 Lucullum
925 2225 956 2261 se
981 2207 1098 2261 eredere
1123 2206 1223 2258 Attico

196 2304 277 2350 antea
300 2296 401 2357 datos,
439 2294 544 2366 quibus
562 2294 646 2347 libris
667 2314 697 2348 se
715 2315 790 2350 statua
810 2318 885 2351 naua
903 2299 1048 2370 prooemia
1069 2297 1222 2350 addidisse.

196 2388 285 2452 ΧΙΙΙ,
312 2393 345 2440 12
364 2392 440 2459 (quse
460 2386 583 2457 epistula
611 2387 715 2458 scripta
734 2396 762 2441 st
780 2408 877 2442 mense
897 2392 1055 2460 Quinctili)
1074 2390 1168 2443 libros
1190 2389 1224 2440 dc

196 2481 303 2534 finibus
322 2481 379 2532 iarn
399 2481 490 2532 Bruto
509 2478 666 2550 desponsos
685 2480 757 2532 dicit
786 2483 929 2551 (nondum
949 2485 1087 2549 missos);
1128 2482 1224 2552 itaque

196 2591 243 2637 se,
268 2581 300 2624 ut
319 2573 443 2625 Uarroni
463 2571 630 2624 satisfacere
648 2572 756 2642 possit,
794 2573 843 2644 qui
862 2575 954 2646 partis
973 2576 1004 2627 in
1024 2575 1122 2645 aliquo
1142 2574 1224 2625 Cice·

195 2665 275 2719 souis
296 2663 405 2735 scripto
433 2663 539 2716 babere
558 2663 707 2735 cupiebat,
743 2664 778 2718 ad
798 2682 861 2718 eum
881 2667 1051 2720 Academica
1070 2668 1224 2719 translata-

195 2776 267 2811 rum.
301 2757 343 2810 Ea
361 2755 598 2809 Academicorum
618 2756 739 2808 mutatio
759 2765 989 2812 comnemoratur
1007 2759 1058 2812 lib.
1082 2756 1165 2820 Xlll,
1183 2763 1226 2819 13,

197 2854 308 2913 rs,1s;
342 2848 373 2900 in
393 2847 515 2919 epistula
541 2853 573 2900 19
595 2848 686 2917 (circa
706 2848 767 2901 lial.
788 2848 879 2916 Sext.)
903 2857 931 2902 et
956 2868 988 2902 ea
1014 2849 1071 2902 iam
1092 2849 1226 2901 absoluta

194 2949 326 2995 narratur
344 2949 372 2994 et
390 2941 459 2995 libri
478 2943 514 2994 de
530 2941 636 2994 finibus
655 2941 855 3004 nominantur,
895 2941 1038 3006 conlecti,
1063 2959 1124 2994 aaa
1144 2940 1225 2994 editi.

193 3035 246 3104 Ep.
265 3038 297 3084 21
318 3032 486 3086 Academica
501 3034 589 3085 altera
617 3033 735 3085 Romam
758 3032 944 3085 describenda
967 3051 998 3086 se
1016 3032 1132 3085 misisse
1153 3032 1225 3085 scri·

194 3124 248 3183 hit,
267 3123 471 3195 queriturque,
493 3124 570 3195 (quod
588 3123 695 3176 lialbus
716 3124 750 3176 ab
772 3123 871 3177 Attico
889 3124 945 3175 iam
964 3124 1096 3195 quintum
1115 3124 1226 3177 librum

193 3216 229 3267 de
247 3214 354 3266 linibus
374 3214 589 3285 descripsisset,
615 3235 700 3287 quom
719 3216 846 3269 noandum
865 3215 901 3267 ad
921 3214 1042 3268 Brutum
1062 3236 1135 3288 opus
1155 3218 1223 3269 nris-

194 3325 256 3359 sum
275 3312 351 3360 esset
370 3312 399 3358 et
426 3305 529 3358 Cicero
555 3305 586 3359 iu
619 3325 653 3360 eo
678 3307 755 3360 libro
783 3327 840 3361 stoa
861 3327 932 3362 suste
956 3311 1046 3362 raratlta
1073 3318 1224 3370 staretstsset,

194 3400 246 3452 scel
262 3408 358 3453 tamea
384 3400 527 3472 quadum
565 3399 633 3451 item
661 3399 821 3453 Caerelliam
847 3399 938 3453 libros
969 3401 1004 3453 de
1029 3400 1138 3453 linibus
1166 3401 1224 3453 iam

133 3542 136 3548 .
193 3490 308 3546 habere.
344 3491 436 3563 Epist
465 3496 500 3541 23
529 3495 608 3557 (ante
634 3491 699 3544 idus
719 3491 811 3557 Sext.)
838 3491 869 3542 in
888 3491 1068 3544 Academicis
1087 3491 1223 3545 librario-

193 3602 256 3637 rum
274 3582 374 3636 menda
395 3583 476 3646 tolli,
511 3583 602 3638 libros
630 3583 666 3636 de
690 3584 798 3637 finibus
826 3582 856 3634 iu
878 3582 1063 3635 librariorum
1087 3583 1223 3636 manibus

193 3691 266 3739 esse,
284 3675 383 3728 Attico
401 3681 516 3739 narrat,
533 3693 587 3727 nee
604 3683 703 3746 postea
720 3674 812 3727 libros
831 3673 866 3725 de
884 3673 992 3728 finibus
1010 3684 1221 3738 conmemorat3

193 3769 229 3822 de
246 3766 423 3822 Academicis
445 3766 594 3820 dubitabat
614 3766 771 3828 etiamtum,
789 3765 913 3818 Uarroni
933 3766 1103 3820 tradendine
1123 3774 1222 3821 esseut

192 3877 283 3913 necare
298 3863 357 3928 (24,
376 3860 434 3926 25).

143 3957 171 4021 ¹)
192 3953 255 4006 lloe
272 3952 357 4005 modo
374 3951 437 4004 tolli
456 3951 677 4023 discrepantiam
697 3968 772 4011 eam,
806 3966 869 4021 qua
886 3949 917 4001 in
938 3966 971 4003 eo
1002 3966 1066 4003 esse
1092 3949 1221 4013 uidetur,

191 4043 268 4117 «qaod
287 4044 388 4097 Cicero
406 4043 442 4095 ad
460 4044 536 4096 Fam.
559 4044 589 4108 1,
614 4049 647 4107 9,
682 4047 717 4094 23
737 4041 828 4093 libros
848 4040 883 4093 de
904 4043 1027 4093 Oratore
1046 4042 1219 4095 Aristotelis

191 4154 269 4191 ruore
286 4136 409 4206 scriptos
429 4136 501 4188 dicit
522 4139 567 4205 (ia
587 4135 827 4204 disputationem
846 4133 993 4203 duchac),
1032 4131 1068 4184 ad
1086 4133 1148 4186 Att.
1169 4152 1218 4187 au-

192 4237 248 4282 tem
266 4226 348 4290 ⁴till,
368 4233 400 4279 19
418 4246 434 4280 a
451 4227 535 4280 libris
554 4227 590 4280 de
610 4225 735 4277 Oratore
754 4240 786 4276 ea
804 4223 948 4292 seiungit,
966 4240 1030 4294 quea
1049 4240 1127 4277 auuc
1146 4225 1217 4279 seri·

188 4319 256 4383 bat,
285 4325 314 4372 et
331 4319 360 4373 ia
379 4318 425 4373 lris
443 4318 646 4375 Aristoteliam
663 4331 771 4370 morem
792 4330 854 4371 csse
871 4313 929 4377 ait,
967 4313 1044 4367 uidit
1063 4313 1119 4366 iarn
1141 4313 1215 4370 Goe-

190 4427 312 4463 reactus.
