2706 5018
143 372 186 432 2⁰
495 364 555 429 DE
578 360 754 431 FlNlBUS
777 361 879 430 BON.

145 575 194 625 tas
217 580 344 624 summa
366 559 538 645 adpareat,
568 560 715 624 doctrina
737 559 921 623 mediocris.
971 561 1003 622 8.
1026 557 1099 645 Ego
1122 572 1195 623 anter

144 688 240 752 quem
261 668 393 730 timeam
415 665 591 746 lectorem,
616 664 773 751 quomod
796 676 847 743 te,
879 685 920 728 ne
944 663 1081 728 Graecis
1102 665 1195 750 quidet

144 771 312 836 cedentern
330 775 365 836 in
387 771 607 859 philosophia,
629 770 766 834 audeam
791 768 959 833 scriberet
983 768 1178 855 Quamquam

143 891 175 941 te
198 881 270 964 ipso
292 880 324 943 id
347 879 477 964 quidem
499 879 584 941 facio
607 888 805 962 prouocatus
825 877 1021 960 gratissomo
1043 872 1195 938 rnibilibn

143 1005 239 1070 quem
271 985 312 1048 ad
342 985 456 1048 mede
481 986 600 1046 uirtute
625 982 753 1044 ntisisti.
822 982 887 1044 Sed
910 1003 954 1044 ex
979 1002 1017 1044 eo
1043 981 1137 1043 credo
1157 1000 1195 1065 qu

141 1086 277 1154 busdam
299 1112 360 1154 usu
385 1090 516 1166 uenire,
542 1100 577 1149 ut
599 1085 797 1151 abhorreant
818 1109 837 1149 a
861 1087 1011 1164 Latinis,
1043 1085 1126 1171 quod
1149 1086 1195 1147 ino

140 1196 247 1259 derint
271 1199 304 1260 in
327 1194 451 1259 inculta
474 1193 633 1278 quaedam
655 1206 687 1256 et
709 1191 861 1270 horrida,
910 1193 950 1254 de
975 1191 1072 1254 malis
1097 1189 1195 1255 Gnaeo

138 1300 257 1365 Latine
289 1305 409 1383 scripta
439 1299 594 1362 deterius.
664 1296 794 1373 Quibus
823 1319 886 1383 ego
921 1297 1109 1373 adsentiar,
1153 1295 1190 1359 dn

139 1409 235 1471 modo
267 1408 307 1470 de
336 1407 441 1470 isdem
474 1403 572 1469 rebus
601 1425 642 1467 ne
665 1402 809 1467 Graecos
832 1403 960 1489 quidem
992 1403 1150 1489 legendos
1169 1422 1195 1488 pt

139 1524 218 1574 tent.
272 1511 339 1575 lies
359 1533 438 1576 vero
461 1509 585 1587 bonas,
614 1508 725 1572 uerbis
748 1509 860 1573 electis
882 1511 1029 1592 grauiter
1052 1520 1195 1592 ornateqr

191 1676 459 1734 taruanninsae
496 1675 602 1728 timeam)
614 1676 734 1718 timeatur
750 1674 773 1719 a
807 1673 957 1730 gratissuma)
972 1673 1155 1731 paulitiani·
1184 1685 1195 1716 n

138 1751 232 1806 uenire)
246 1754 336 1798 aeatre
350 1765 398 1796 aaa
412 1750 524 1799 hPMCR
551 1750 585 1806 in)
599 1751 679 1796 ern-1.
707 1751 863 1804 matineseie
878 1751 919 1795 0r.
944 1751 1040 1805 onttar
1054 1772 1081 1782 -
1095 1749 1195 1794 amenta

138 1831 198 1883 qaid
215 1850 243 1863 -
256 1830 369 1876 menete
383 1827 405 1874 Ε

205 1982 232 2036 8.
267 2001 302 2037 ae
321 1983 426 2038 Granis
443 1983 551 2053 quidem
576 1982 729 2050 cedentem)
764 1981 829 2036 Uid.
849 1982 936 2036 dead.
958 1978 1074 2050 1512,
1111 1979 1195 2034 'l'orot

136 2074 178 2138 V,
203 2074 222 2126 1
252 2081 281 2129 et
304 2075 349 2130 ao.
406 2075 541 2128 Ueterem
566 2075 743 2129 academiam
770 2076 806 2128 ah
825 2073 965 2127 Antiocho
991 2071 1160 2126 suscitatam
1183 2086 1195 2127 t

136 2164 285 2232 quebatur.
320 2165 434 2236 Scripta
460 2165 543 2219 Bruti
562 2167 596 2219 tle
615 2166 797 2238 philosophia
814 2163 1025 2235 Quinctilianns
1045 2182 1102 2218 non
1121 2161 1195 2216 modi

135 2255 221 2309 ariter
237 2257 338 2312 laudat
353 2256 401 2322 X,
422 2256 455 2322 l,
474 2255 543 2323 1233
579 2259 631 2312 elr.
651 2259 756 2331 dialog.
776 2260 811 2311 de
828 2250 907 2311 orit
927 2273 951 2308 c.
970 2253 1014 2309 21.
1053 2254 1195 2310 Librnmr

134 2347 257 2412 uirtute,
284 2366 369 2420 quem
388 2348 426 2401 ad
447 2348 615 2404 Ciceronem
633 2350 765 2415 miserat,
785 2348 813 2403 id
832 2355 889 2414 eet,
912 2347 938 2401 ei
957 2346 1159 2416 inscripserat,
1176 2364 1194 2400 n

134 2440 225 2494 minat
242 2440 351 2496 Seneca
379 2441 461 2496 Onne.
486 2441 522 2494 nd
549 2441 637 2495 Heln.
662 2440 700 2505 93
734 2443 769 2493 de
787 2440 890 2508 officiis
915 2438 1061 2492 charisius
1086 2457 1113 2508 p.
1138 2436 1175 2493 88

134 2531 271 2585 Priscian.
291 2552 319 2603 p.
336 2532 399 2594 679,
419 2549 503 2603 qaem
522 2534 620 2588 Scnec.
639 2549 685 2602 ep.
703 2532 748 2597 95,
766 2532 802 2585 45
814 2538 876 2605 περὶ
894 2528 1065 2600 καθήκοντος
1082 2531 1195 2600 appelle

137 2621 172 2674 de
192 2624 330 2690 patientia
348 2624 498 2678 Diomedes
517 2643 544 2693 p.
561 2623 623 2685 378.

200 2714 230 2765 ia
247 2715 353 2768 inealta
371 2717 496 2785 paredam
514 2722 541 2767 et
560 2715 686 2782 barrida)
726 2715 849 2768 Amafini
866 2721 895 2769 et
911 2713 1015 2770 Rabiri
1033 2715 1139 2783 (Acad.
1159 2721 1183 2780 1,

134 2805 219 2860 Tusa.
239 2807 296 2872 W,
314 2807 346 2877 o)
363 2814 392 2862 et
409 2805 473 2861 cati
491 2806 618 2861 lnsnhris
636 2805 686 2875 (ad
705 2806 784 2860 Fam.
803 2808 868 2874 XV,
887 2808 922 2861 lt
939 2812 968 2862 et
985 2806 1054 2872 lo),
1071 2805 1195 2878 Epic-ure

132 2914 206 2962 rum,
226 2916 295 2971 quos
317 2900 416 2956 Cicero
436 2897 523 2955 ctiam
541 2901 627 2954 Taso.
650 2899 681 2960 l,
700 2898 718 2952 6
736 2905 765 2953 ot
783 2905 842 2960 111,
860 2900 877 2951 7
900 2907 928 2952 et
944 2899 974 2953 h.
996 2912 1073 2969 oper.
1092 2897 1161 2952 libr.
1179 2898 1195 2951 l

131 2989 168 3042 to
185 2991 289 3061 tangit.

202 3078 237 3134 de
261 3081 343 3134 rantis
361 3081 479 3152 Granis)
508 3084 583 3138 Miro
609 3082 756 3138 aberrauit
772 3081 919 3136 Ernestias
945 3086 975 3135 et
1000 3087 1065 3150 post
1090 3097 1195 3134 cumo

132 3167 196 3236 teri,
215 3172 249 3224 de
267 3173 340 3225 male
361 3172 465 3227 Graecis
483 3177 658 3241 scribentes,
700 3175 774 3245 quod
791 3172 937 3228 Ernestine
956 3172 984 3225 in
1004 3170 1131 3225 editione
1149 3172 1195 3243 pri

131 3261 194 3330 cipe
211 3262 380 3334 Mogontina
397 3282 457 3319 esse
477 3266 556 3329 dicit,
575 3268 726 3336 deceptas,
751 3265 774 3318 si
792 3283 860 3318 nere
882 3264 1053 3335 principem,
1075 3261 1196 3316 Colania

131 3369 208 3417 sem,
226 3352 383 3420 intellexit,
402 3357 567 3426 compendio
586 3357 712 3411 minume
734 3355 829 3410 dubio.
872 3358 967 3410 Nemo
995 3354 1066 3407 dixit
1084 3372 1139 3408 nec
1157 3372 1195 3408 ne

132 3443 247 3498 ornem
264 3462 316 3499 nee
335 3446 401 3500 bene
421 3447 554 3511 Graecae,
582 3450 649 3521 qnia
669 3450 734 3502 bene
753 3456 781 3503 et
798 3450 870 3502 male
898 3465 953 3501 nou
977 3446 1123 3499 adduntur
1148 3447 1195 3500 adi

131 3535 213 3589 atinis
231 3536 394 3591 huiusmodi
412 3537 532 3593 delinita
550 3540 682 3606 notionis,
699 3559 759 3613 qua
777 3540 898 3611 gradum
917 3557 973 3592 non
993 3536 1111 3591 hahent.
1150 3538 1195 3593 nn

131 3625 250 3694 dicitnr,
278 3629 344 3682 bene
358 3630 463 3711 'batiae
481 3631 546 3698 (lib.
567 3633 612 3696 ll,
629 3633 678 3702 lt)
700 3639 729 3687 et
745 3651 800 3685 aaa
818 3639 926 3701 optume
946 3629 1041 3682 Graece
1059 3632 1195 3700 responde

129 3718 172 3785 (ll
190 3719 225 3772 tle
243 3721 322 3775 Orat.
341 3721 400 3790 75),
418 3723 560 3778 aduerbiis
579 3743 612 3778 ex
630 3725 825 3798 aquopositis.
862 3723 970 3777 Deinde
991 3722 1094 3776 Graan
1120 3725 1195 3777 orati

128 3809 172 3861 aie
192 3809 265 3865 nilla
283 3828 337 3866 non
357 3814 540 3870 offendebant
558 3834 623 3879 eos,
643 3817 689 3888 qui
708 3819 737 3871 in
755 3815 870 3871 helinae
887 3815 1137 3885 interpretationes
1154 3813 1195 3869 iar

128 3899 251 3966 debant,
270 3903 369 3958 Cicera
387 3903 531 3978 intellegit
548 3911 640 3963 malos
660 3911 770 3964 Grecos
789 3910 879 3962 libros
897 3907 1053 3971 uertenda,
1069 3907 1195 3962 adceden

127 3989 245 4046 horrido
262 4010 392 4050 sermono
410 3998 531 4065 hatino,
567 4002 657 4055 iactos
677 4001 841 4056 deteriores.
900 4001 1014 4070 ltaque,
1055 4016 1092 4051 ne
1111 4000 1147 4052 de
1162 4016 1195 4053 so

128 4080 264 4137 arationis
281 4103 386 4158 genere
398 4088 455 4143 diei
472 4097 555 4159 putes
572 4091 614 4155 (et
631 4092 679 4162 qni
697 4100 799 4165 potest,
818 4089 952 4164 qnoniam
970 4095 1070 4159 aperte
1090 4089 1195 4161 Epicur

126 4171 333 4243 significantur,
351 4180 400 4249 qni
418 4199 474 4235 non
494 4183 647 4236 uerborum
666 4200 771 4254 genere
789 4184 839 4238 sed
857 4183 942 4235 rebus
961 4198 977 4235 a
995 4179 1099 4235 ceteris
1117 4183 1195 4237 abba

126 4264 265 4334 rebaati)
301 4269 395 4336 addit,
436 4274 471 4326 de
489 4274 574 4328 isdem
593 4273 681 4327 rebar.
728 4277 808 4328 Nunc
827 4280 920 4328 tamen
941 4274 1065 4329 eduntur
1080 4290 1194 4343 praecep

127 4355 187 4409 stili
203 4359 268 4412 deae
289 4358 391 4417 hutini.
