2706 5018
340 366 397 432 ET
421 365 529 432 MAL.
552 363 635 431 ΗΒ.
661 367 690 432 V
715 366 810 431 cst.
832 372 884 432 28.
1092 373 1155 436 tot

94 584 179 636 ruru3
199 560 312 625 haeret
335 566 368 624 in
392 561 540 636 salebra3
581 565 669 646 eupit
691 566 777 625 eninr
802 563 930 643 dicore,
955 564 1038 629 nihil
1057 587 1154 651 posse

94 667 267 733 dbeatam
285 669 386 731 uitam
411 669 526 731 deesse
547 671 699 754 sapienti.
764 668 911 733 Honeste
928 674 1051 753 oratio,
1095 675 1156 738 Sc-

93 778 202 854 retica,
227 774 374 839 Platonis
397 777 508 852 etiam.
555 775 671 838 Audeo
697 775 818 852 dicere,
837 779 953 861 iuquit.
997 777 1072 842 Non
1098 802 1154 864 po-

94 895 147 959 est,
168 885 233 944 nisi
254 883 439 945 retexueris
463 879 531 943 illu.
581 881 758 965 Paupertas
782 884 810 943 si
833 882 1023 960 malumst,
1064 906 1153 948 rnen·
1202 940 1204 945 .

96 989 162 1050 icus
187 1009 258 1051 esse
281 987 396 1051 beatus
418 1008 513 1049 neruo
539 998 667 1070 potest,
688 991 837 1072 quamuis
858 991 901 1051 sit
922 991 1063 1074 sapiens.
1109 992 1154 1055 At

94 1092 162 1156 ieuo
185 1116 260 1157 eum
292 1115 355 1157 non
378 1093 509 1157 beatum
534 1093 649 1169 modo,
690 1093 748 1156 sed
771 1096 869 1157 etiam
891 1095 1024 1159 diuitem
1046 1098 1154 1161 dicere

94 1220 170 1262 usus
193 1213 253 1262 est.
322 1198 444 1262 Doiere
480 1199 601 1263 malum
634 1213 682 1274 st;
729 1202 762 1263 in
791 1223 918 1264 crucem
953 1203 1007 1286 qui
1034 1205 1153 1289 agitur.

125 1393 212 1446 Audeo)
226 1394 354 1437 audebob
388 1394 526 1447 casebest.)
541 1394 564 1436 b·
580 1408 601 1438 e.
616 1392 679 1437 bPR
692 1391 773 1436 mulus
788 1394 875 1437 ceseii
917 1397 1055 1449 nemo)aorr
1074 1395 1153 1442 Gom.

94 1467 346 1521 'botere)doloreB
367 1470 437 1513 dolor
456 1470 478 1512 R
519 1470 614 1522 est)om
636 1469 717 1514 Pcor.
741 1471 787 1523 (est
806 1471 865 1514 mai·
886 1471 917 1525 R)
953 1474 1055 1526 crucem)
1076 1487 1153 1519 cruce

94 1538 154 1588 NR
179 1543 221 1600 qui
238 1545 324 1600 egitur)
339 1561 359 1599 q.
374 1547 478 1602 origitur
492 1544 553 1589 Pon
568 1546 627 1603 quio
641 1546 755 1602 igitur!

94 1724 252 1780 tsrbiiratini
269 1729 353 1794 plane
365 1728 539 1796 exprimebat
548 1730 729 1799 (plerumque
737 1728 832 1780 autem
840 1726 868 1780 iu
877 1728 920 1780 bis
931 1729 1077 1783 uocabulis
1085 1733 1157 1784 neci

94 1832 148 1872 ure
160 1837 274 1890 prorsus
287 1821 478 1889 audiebatur),
493 1819 648 1874 necessario
657 1820 840 1889 producebat.
859 1821 934 1886 (Non
944 1819 1072 1891 ignotum
1083 1821 1153 1876 mibi

94 1914 118 1973 i,
149 1930 203 1983 quo
227 1911 349 1965 artiiicio
369 1931 459 1982 nuper
477 1913 616 1967 Bonsrius
642 1911 671 1964 ia
689 1911 755 1964 iibri
782 1913 816 1963 de
841 1912 916 1965 sonia
938 1913 1046 1968 Latinis
1063 1917 1155 1982 (Roo-

94 1999 175 2058 nuche
192 2005 359 2069 Lautichre)
379 2008 438 2059 uoi.
465 2013 478 2059 1
497 2026 522 2076 p.
540 2005 575 2058 87
594 2011 621 2058 et
638 2005 697 2058 brec
714 2003 850 2058 aduerbia
867 2011 911 2069 et,
929 2007 1003 2076 quod
1022 2010 1157 2062 multost

94 2096 161 2166 ragis
178 2097 350 2158 mirandum,
370 2097 454 2151 etiam
474 2116 524 2163 ca,
543 2114 603 2168 qua
621 2115 635 2150 e
653 2099 769 2168 longum
787 2097 909 2158 babent,
927 2098 1017 2152 tertie
1030 2099 1154 2152 declina·

94 2178 154 2243 ionii
170 2188 312 2242 ablaticus
331 2190 455 2256 iecerit.)

139 2281 222 2334 beret
241 2282 267 2332 in
287 2282 411 2346 selebra3
448 2282 523 2350 cupit
542 2281 611 2334 euim
629 2283 732 2348 dicere)
768 2283 799 2336 Iu
824 2281 869 2334 his
886 2281 982 2336 uerbis
1000 2282 1099 2336 Cicero
1119 2285 1155 2337 ab

94 2374 249 2438 »subiecta
270 2376 343 2443 quod
365 2376 497 2445 posuerat
514 2375 617 2441 (currit
635 2377 739 2443 oratio)
757 2376 860 2428 sensim
873 2374 1044 2444 cogitatione
1061 2382 1155 2428 traus-

121 2467 262 2537 adipsum
281 2466 501 2535 Peripateticum
520 2467 560 2518 sic
584 2466 678 2519 dicere
705 2465 875 2537 cupientem.
931 2466 1029 2535 itaquo
1057 2464 1155 2521 Cicero

94 2558 203 2612 bosius
223 2560 346 2612 studium
366 2559 465 2611 larrdat
494 2560 522 2609 ot
548 2557 625 2627 quasi
652 2559 767 2612 inritat:
805 2559 928 2610 Honesta
957 2559 1065 2618 oratio,
1101 2558 1156 2616 ibe.

94 2648 141 2704 etr.
160 2651 257 2712 adli,
276 2650 334 2717 68).
371 2651 447 2701 Tum
467 2649 519 2701 ille
537 2652 627 2710 citer,
648 2651 698 2719 qui
717 2651 757 2703 ita
776 2649 869 2702 dicere
887 2651 1027 2719 cupicbat‚
1043 2657 1156 2720 sumpto

94 2740 185 2805 nimo,
207 2744 310 2805 Audeo,
330 2742 430 2813 iuquit,
448 2740 550 2793 dicere.
583 2741 714 2795 Occurrit
727 2739 840 2795 Cicero:
861 2740 924 2819 Non
934 2741 987 2795 dre.
1023 2740 1157 2797 Turbsut

94 2837 242 2889 besutiorer
260 2834 324 2886 inde
342 2852 359 2887 a
378 2833 508 2897 Bremia,
545 2835 634 2887 uerbo
654 2836 742 2886 acideo
761 2835 851 2886 dicere
875 2850 931 2886 uon
947 2833 1155 2903 intellegentes,

94 2940 135 2981 ue
151 2928 336 2997 apertissurne
356 2926 525 2996 respondent
543 2925 586 2978 itti
606 2927 682 2995 eupit
700 2928 798 2980 dicere.

143 3021 203 3072 Noa
216 3027 324 3087 potest,
351 3018 406 3069 nisi
422 3020 572 3071 retexueris
589 3020 653 3087 iliu)
676 3019 798 3073 tiudiunt
811 3019 881 3085 fieri
887 3037 895 3082 3
925 3023 953 3070 et
971 3016 1155 3069 potissumum

94 3112 118 3173 i,
151 3113 191 3166 sic
216 3131 270 3164 non
291 3129 355 3163 raro
374 3110 439 3179 poni
456 3118 565 3178 potest,
592 3120 624 3164 ut
641 3110 668 3163 id
688 3111 859 3163 audiendum
878 3114 930 3171 sit3
969 3116 1157 3178 exposuerunt

94 3205 172 3271 teter
191 3205 281 3257 terico
302 3201 470 3273 Heusingeri
489 3211 517 3254 et
533 3202 651 3255 Beierus
671 3204 705 3255 ad
724 3203 779 3257 Off.
799 3209 825 3254 11
844 3199 978 3262 cruos,
997 3201 1158 3253 0cbsnerus

94 3290 244 3367 lEeiogas
265 3297 392 3349 ciceron.
414 3316 440 3365 p.
459 3294 512 3358 st;
549 3296 627 3359 (add.
648 3296 683 3348 N.
700 3296 734 3348 b.
756 3295 799 3358 ΙΙ,
829 3293 897 3354 loo,
925 3295 959 3346 ud
979 3294 1035 3346 titt.
1059 3294 1096 3357 V,
1121 3292 1157 3345 17

94 3384 181 3450 exii,
199 3387 243 3449 23,
263 3389 278 3440 l
301 3397 328 3441 et
345 3388 389 3450 40,
411 3386 438 3448 2,
459 3386 487 3439 in
507 3390 588 3440 Ucrr.
608 3390 640 3450 V,
659 3387 716 3450 lo).
758 3387 865 3438 Uerum
884 3387 911 3440 id
931 3394 989 3438 tum
1011 3386 1053 3446 iit,
1071 3402 1156 3454 quom

94 3474 201 3532 Diuerse
220 3481 254 3531 de
273 3481 315 3532 rei
332 3486 406 3532 statu
426 3488 453 3532 et
474 3477 573 3532 habitu
591 3477 743 3547 loquimur.
788 3482 879 3548 Quom
900 3496 975 3541 eum,
993 3478 1040 3546 qui
1052 3494 1082 3529 se
1103 3477 1157 3530 aii-

94 3565 138 3631 ibld
162 3573 305 3625 iacturum
325 3573 411 3634 dixit,
454 3574 654 3642 adioqtrentes,
691 3571 717 3624 in
744 3576 804 3642 ipso
824 3569 930 3643 aliquid
950 3588 1009 3624 esso
1029 3570 1156 3635 dicimus,

94 3663 167 3716 mit
186 3663 211 3716 ei
239 3664 334 3717 turer-c
360 3682 413 3716 non
432 3663 532 3727 iieeat,
552 3665 600 3717 uix
616 3681 651 3717 ea
675 3666 769 3718 formu
789 3665 833 3717 uti
859 3681 1014 3734 possumus.
1058 3671 1157 3734 Itaque

94 3742 134 3804 itt
151 3754 291 3810 adsentior
310 3756 442 3819 Durrisio,
463 3757 510 3825 qui
528 3763 606 3824 potes
624 3756 708 3809 scribi
730 3758 866 3809 malebat.
902 3757 973 3809 Nam
995 3757 1023 3807 in
1042 3753 1156 3810 tertiam

94 3848 218 3902 ii'tostam
239 3853 328 3902 totam
348 3847 506 3901 orationem
525 3856 658 3901 auertere
678 3867 742 3902 cum
761 3849 852 3904 hoino
870 3848 938 3914 (aon
956 3853 1065 3916 potest,
1101 3845 1158 3897 aiei

94 3937 231 4006 'bromio
250 3941 278 3993 id
301 3949 342 3993 est
365 3958 475 3993 omnem
503 3939 674 4009 elegantiam
701 3938 757 3990 loci
782 3941 944 3991 obscurare.
1006 3936 1072 3989 Mox
1098 3952 1157 3988 esse

94 4030 169 4086 term
185 4050 237 4104 pro
256 4032 352 4084 beatus
370 4049 429 4084 erse
448 4029 534 4085 Gaius
563 4031 648 4084 ctiam
676 4048 691 4082 s
717 4029 791 4099 Spir.
820 4028 1028 4095 (Monacensist
1064 4035 1156 4098 potest

94 4129 148 4177 ‘tao
167 4128 263 4179 beatus
281 4143 349 4186 csse,
370 4127 433 4177 Bos.
455 4140 513 4176 esse
530 4139 606 4174 acmo
624 4124 720 4175 beatru
743 4123 857 4190 potest.)

144 4218 242 4271 Doiere
253 4219 353 4270 aratum
363 4219 402 4283 st)
412 4218 536 4269 Uerbum
548 4212 640 4269 addidi
651 4232 682 4267 cx
691 4215 761 4278 Eri„
769 4215 854 4279 sior„
864 4213 1054 4285 mginecret,
1064 4209 1154 4269 beid,

94 4308 171 4363 ’ioris
190 4308 365 4369 tacentibus5
384 4317 459 4363 recte
476 4310 505 4361 in
523 4309 577 4360 boe
594 4307 686 4379 primu
705 4308 849 4370 membro,
889 4306 934 4358 cui
953 4299 1094 4357 contraria
1111 4318 1156 4354 re·

94 4403 187 4458 'undet
205 4403 317 4470 iongior
336 4408 363 4454 rt.
384 4403 468 4470 pirna
486 4400 624 4454 scatentia
643 4400 685 4467 (ia
704 4419 810 4455 crucem
832 4399 899 4463 dcc.)
916 4396 1038 4459 additur,
1056 4393 1156 4447 deiude
