2730 5016
230 375 293 435 724
550 406 552 410 ,
585 367 645 431 DE
668 367 845 435 FlNlBUS
869 364 976 432 BON.

233 569 297 628 iam
324 562 537 628 confirmatae
560 578 646 626 sunt.
711 562 795 639 Quis
828 575 878 624 est
908 574 974 624 tam
1002 558 1179 624 dissimilis
1202 558 1323 637 homini,

233 674 288 755 qui
314 691 378 733 non
404 684 576 733 moueatur
600 684 632 732 ot
655 669 840 733 offensione
862 665 1081 746 turpitudinis
1103 677 1138 728 st
1158 663 1322 750 conproba-

232 781 321 839 tione
355 777 559 839 honestatis!
605 778 676 860 quis
701 786 770 848 est,
794 774 851 857 qui
875 792 941 834 non
966 772 1079 835 oderit
1103 768 1322 845 lubidinosos,

231 896 419 966 protornaiu
445 879 724 944 adulescentiaml
761 881 833 963 quis
858 890 973 940 contra
999 878 1034 940 in
1059 874 1125 939 illa
1150 889 1258 939 aetate
1278 896 1323 960 pu·

232 989 363 1064 dorent,
386 989 624 1063 constantiam,
656 988 755 1049 etiarn
777 988 805 1045 si
828 1004 889 1046 sua
914 981 998 1046 nihil
1019 983 1180 1058 intersit,
1203 976 1266 1045 non
1284 993 1321 1043 tu·

233 1114 306 1155 rnen
330 1092 468 1175 diligati
489 1094 561 1176 quis
583 1091 713 1154 Pollam
737 1088 971 1165 Numitorium,
995 1087 1250 1172 Fregellanum,
1263 1106 1322 1171 pro·

284 1292 306 1328 ct
324 1285 419 1337 olicus.)
439 1287 479 1338 off.
504 1285 523 1328 ll
567 1283 657 1338 diligat)
687 1281 849 1337 diligaturli
894 1281 1064 1335 Numitorium)
1096 1281 1254 1325 Νικίωνα
1277 1276 1320 1331 (Eli

235 1360 390 1403 lt'ccmitorum
414 1361 433 1403 ll

231 1526 451 1586 adumbrentur,
471 1540 504 1576 ca
526 1524 553 1576 in
573 1525 746 1578 confirmatis
765 1524 895 1580 etatilsus
915 1540 1049 1594 expressa
1069 1540 1151 1591 esse,
1172 1526 1257 1591 dicit,
1273 1542 1320 1597 aaa

231 1618 397 1684 conparatio
417 1617 651 1669 adumbratorum
672 1617 828 1686 imaginum
857 1622 886 1669 ct
905 1632 1107 1686 expressarum
1125 1625 1215 1690 atque
1231 1619 1320 1672 solida·

231 1724 293 1759 rom
313 1709 472 1761 tormarnrn
490 1708 649 1778 smpissnmc
668 1709 704 1761 ab
723 1709 834 1762 artibus
852 1709 1025 1762 transfertur
1043 1710 1084 1763 ad
1103 1709 1184 1773 alia,
1200 1719 1233 1763 at
1248 1710 1318 1763 ‘l'nsa

229 1799 287 1860 lli,
325 1799 466 1862 dtsolida
494 1802 618 1872 quamdam
645 1818 690 1852 res
709 1808 735 1853 ct
754 1817 904 1869 expressa,
940 1818 994 1851 aon
1022 1795 1212 1866 adumbrata)
1237 1808 1264 1855 et
1279 1816 1319 1870 prs

231 1891 296 1942 Gael.
327 1890 361 1942 12
390 1896 453 1957 (aaa
476 1909 607 1959 expressa
628 1892 732 1960 signa,
751 1893 800 1944 sed
819 1892 984 1944 adumbrata
1002 1892 1168 1959 uirtutum).
1213 1888 1319 1945 nonai

229 1983 305 2034 liunc
325 1984 418 2036 locunt
438 2001 470 2036 ex
490 1986 550 2037 Erl.
593 1985 666 2037 Nam
686 1990 770 2038 antea
789 1984 943 2046 edebatur,
976 1988 1008 2034 ut
1026 1988 1070 2035 nat
1088 1982 1118 2035 in
1140 1982 1318 2037 detestarisa

229 2073 388 2127 codicibus:
418 2077 472 2128 Sed
489 2077 546 2127 linc
565 2077 593 2127 in
610 2077 705 2143 prieris
725 2093 864 2145 expressa.
899 2073 932 2125 ln
950 2073 985 2124 iis
1003 2089 1074 2125 ciero
1094 2075 1247 2137 rotatibus,
1273 2089 1321 2149 pr!

229 2168 284 2217 inm
303 2169 475 2231 confirmator
495 2175 578 2229 sicot,
597 2168 658 2243 pais
678 2175 719 2220 est
737 2169 809 2233 dio,
827 2165 912 2221 simili
933 2163 1160 2234 transpositione
1180 2167 1256 2231 eius,
1271 2182 1319 2235 aas

228 2256 296 2322 §59
314 2264 342 2309 st
360 2257 395 2310 aa
415 2256 441 2310 in
470 2259 558 2311 isdem
587 2259 732 2313 codicibus
762 2259 915 2313 occiderat.
969 2256 1074 2326 ltaque
1093 2255 1160 2312 inre
1185 2257 1319 2313 Ernestist

228 2348 443 2414 offendebatur,
478 2353 552 2420 qnod
574 2350 602 2405 in
621 2352 708 2405 isdem
728 2352 788 2403 heo
813 2357 842 2403 et
860 2350 1031 2403 odnmlrrnta
1050 2353 1082 2402 et
1102 2367 1237 2421 expressa
1254 2350 1319 2403 dios·

228 2447 345 2503 rentur,
365 2448 393 2493 et
412 2460 544 2510 expresso
564 2445 631 2497 tolli
651 2445 783 2507 uolebat,
822 2442 949 2496 uiolento
967 2438 1115 2507 remedi03
1146 2459 1240 2512 neque
1255 2439 1318 2495 ssia

225 2531 295 2584 satis
315 2540 357 2585 est
376 2534 512 2587 stolidum
539 2535 683 2604 glossema
713 2535 877 2605 appellare,
913 2533 987 2602 quad
1015 2550 1068 2586 cur
1097 2534 1163 2605 quis
1181 2532 1316 2595 addiderit,

227 2622 284 2676 dici
306 2624 412 2694 nequit.
471 2627 542 2677 Eam
571 2624 770 2679 coniecturam·
788 2627 900 2679 Marsus
919 2631 1112 2694 preceperat,
1149 2620 1315 2696 quamseqai

227 2714 315 2767 Gritrs
334 2716 435 2769 moluit
454 2733 539 2785 qtram
558 2716 721 2786 spirensem
741 2723 768 2771 et
784 2717 844 2769 Erl.
863 2716 1013 2785 inspicere.

299 2806 410 2858 Pullum
432 2807 630 2875 Numitoriam)
667 2809 713 2861 Sic
734 2808 820 2861 etiam
840 2807 932 2876 Spin,
973 2807 1205 2878 restitueraiqns
1231 2806 1312 2862 Ursini

226 2899 373 2950 admonitu
394 2899 559 2965 Ernestius3
577 2900 736 2970 sirpcrioccs
759 2900 935 2953 Numitorem.
977 2900 1043 2952 Par.
1068 2900 1104 2962 1,
1123 2901 1240 2965 dlesd.⁹
1256 2896 1312 2952 seli·

225 2988 269 3040 cui
293 2988 344 3040 Gzi
369 2989 545 3042 ll'amitorum
571 2992 658 3053 (Gud.
686 2991 704 3043 2
734 2987 937 3057 iumentorum).
990 2992 1062 3045 Erat
1087 2993 1123 3060 Q.
1150 2987 1312 3046 Numitorius

224 3080 326 3132 Pullus
346 3082 395 3146 (de
407 3082 514 3136 laneat.
534 3089 570 3147 11,
591 3083 666 3149 105).
699 3083 780 3149 Quod
794 3084 864 3135 Bau.
887 3099 902 3133 e
921 3081 1063 3152 scriptura
1081 3083 1192 3137 codicia
1208 3080 1310 3137 cau

225 3171 455 3240 (Fregellntiam)
483 3172 511 3224 in
531 3181 654 3226 mentem
676 3171 771 3237 uenit,
792 3173 1005 3240 Fregellnrum,
1034 3177 1149 3229 nnllam
1170 3176 1257 3229 lrsltet
1271 3189 1312 3226 se·

224 3264 402 3328 cessitatem,
422 3282 456 3316 uo
476 3280 604 3317 caussam
624 3265 737 3335 quidam
757 3265 941 3332 coniectoris,
969 3267 1023 3320 etsi
1041 3270 1118 3336 qnod
1137 3269 1182 3322 lll
1197 3266 1267 3322 rsit
1283 3264 1311 3318 li

224 3353 323 3408 Cicero
344 3355 446 3409 Antoni
466 3355 556 3427 patris
572 3374 687 3409 risorem
709 3356 831 3425 primum
847 3359 1073 3428 Fregellanam,
1091 3368 1152 3412 tum
1172 3354 1310 3431 proditoris
1357 3366 1359 3371 '

221 3446 311 3498 tiliam
339 3448 484 3516 appellat,
522 3449 557 3500 od
585 3448 729 3501 lionisium
755 3449 945 3502 refellendum
973 3449 1048 3502 nihil
1076 3453 1216 3522 pertinet.
1263 3446 1309 3505 Sd

219 3538 319 3603 paullo
329 3547 392 3606 post
403 3538 569 3611 Ciceronem
580 3538 724 3609 scripsisse
741 3547 826 3610 putot
847 3541 908 3609 pois
925 3541 1037 3594 huius
1052 3544 1132 3596 urbis
1144 3546 1308 3598 cuam
1357 3534 1359 3543 ¹

121 3700 125 3705 Ι
219 3644 286 3689 rem,
300 3629 354 3694 nt§
373 3627 407 3680 ot
421 3628 548 3699 scripsitr
567 3634 698 3701 princeps
706 3633 789 3684 linias
797 3633 922 3685 ciuitatis
931 3634 981 3701 eti
992 3631 1028 3686 88
1045 3635 1076 3687 ia
1086 3635 1143 3687 dae
1154 3636 1233 3692 uris.
1248 3632 1308 3688 ld·

218 3716 288 3769 side
307 3718 379 3770 urbe
398 3718 437 3773 sic
456 3721 520 3775 Piso
544 3724 721 3791 loqueretur,
742 3730 774 3777 ut
795 3741 859 3777 enm
878 3723 1054 3778 contrariam
1074 3734 1200 3796 poneret
1213 3726 1240 3781 el
1255 3726 1308 3781 lm
1356 3772 1359 3795 ÷

220 3812 421 3874 extraurbem,
444 3811 471 3864 in
495 3830 549 3880 quo
569 3831 643 3866 nunc
662 3818 744 3880 osset,
763 3823 841 3869 recte
860 3815 913 3869 illa
932 3815 1130 3885 appellatione
1148 3819 1263 3874 Athea·
1276 3812 1308 3870 si·

218 3900 422 3968 gaiiicareotnr
441 3906 485 3965 (nt
504 3912 629 3956 cxtremo
650 3904 723 3959 libro
742 3906 857 3959 dicitis
876 3908 1039 3976 oppidum);
1054 3927 1133 3965 nnnc
1149 3928 1236 3981 quon
1251 3922 1307 3963 es!-

217 3999 361 4043 seraotam
382 3994 482 4045 urbem
503 3996 647 4050 Romanus
667 3998 743 4051 inter
764 4001 908 4052 Romanos
928 3999 1024 4061 dicat,
1066 4000 1122 4054 nisi
1143 3998 1251 4071 aliquid
1265 3995 1305 4051 si-

215 4081 316 4144 datar,
354 4085 511 4137 necessario
536 4104 615 4141 snam
643 4073 944 4161 illorumqnemrbem
968 4091 1123 4161 significet.
1182 4094 1225 4147 lte
1246 4092 1305 4145 rcc-

214 4171 311 4225 clrthci
330 4171 455 4239 filiabus,
474 4194 593 4245 qnorum
614 4199 700 4250 quom
720 4189 801 4252 pater
821 4182 975 4236 minumum
989 4189 1062 4237 nutu
1080 4184 1110 4239 is
1129 4187 1303 4240 bellosam

213 4263 375 4317 Eleusinios
394 4272 422 4319 et
441 4268 615 4338 Eumolpum
635 4290 668 4327 ex
688 4277 806 4329 oraculo
826 4276 863 4329 ob
880 4273 1034 4329 uictoriam
1052 4276 1237 4341 inmolant,
1259 4288 1301 4325 tt·

210 4361 280 4412 tere
298 4372 328 4410 se
348 4358 446 4416 martis
465 4361 583 4419 comites
603 4364 744 4422 addidisse
764 4371 935 4433 narrantur,
955 4358 1135 4436 scriptorum
1153 4371 1230 4427 lotas
1245 4378 1301 4419 τί·-
