<?xml version="1.0" encoding="UTF-8"?>
<!DOCTYPE html PUBLIC "-//W3C//DTD XHTML 1.0 Transitional//EN"
    "http://www.w3.org/TR/xhtml1/DTD/xhtml1-transitional.dtd">
<html xmlns="http://www.w3.org/1999/xhtml" xml:lang="en" lang="en">
 <head>
  <title>
</title>
<meta http-equiv="Content-Type" content="text/html;charset=utf-8" />
  <meta name='ocr-system' content='tesseract 3.04.00' />
  <meta name='ocr-capabilities' content='ocr_page ocr_carea ocr_par ocr_line ocrx_word'/>
</head>
<body>
  <div class='ocr_page' id='page_1' title='image "./mtulliciceronis00madvgoog_0073.png"; bbox 0 0 2706 5018; ppageno 0'>
   <div class='ocr_carea' id='block_1_1' title="bbox 127 356 804 434">
    <p class='ocr_par' dir='ltr' id='par_1_1' title="bbox 127 356 804 434">
     <span class='ocr_line' id='line_1_1' title="bbox 127 356 804 434; baseline -0.018 0"><span class='ocrx_word' id='word_1_1' title='bbox 127 367 225 434; x_wconf 83' lang='lat' dir='ltr'>tht</span> <span class='ocrx_word' id='word_1_2' title='bbox 548 358 676 427; x_wconf 82' lang='lat' dir='ltr'>PRAEF</span> <span class='ocrx_word' id='word_1_3' title='bbox 677 356 804 427; x_wconf 77' lang='lat' dir='ltr'>nt&#39;10.</span> 
     </span>
    </p>
   </div>
   <div class='ocr_carea' id='block_1_2' title="bbox 125 541 1231 3192">
    <p class='ocr_par' dir='ltr' id='par_1_2' title="bbox 125 541 1231 3192">
     <span class='ocr_line' id='line_1_2' title="bbox 128 541 1220 640; baseline -0.011 -22"><span class='ocrx_word' id='word_1_4' title='bbox 128 552 361 640; x_wconf 75' lang='lat' dir='ltr'>adgrederetur</span> <span class='ocrx_word' id='word_1_5' title='bbox 399 561 431 613; x_wconf 89' lang='lat' dir='ltr'>et</span> <span class='ocrx_word' id='word_1_6' title='bbox 452 547 612 633; x_wconf 83' lang='lat' dir='ltr'>expedire</span> <span class='ocrx_word' id='word_1_7' title='bbox 644 559 817 612; x_wconf 79' lang='lat' dir='ltr'>conaretur</span> <span class='ocrx_word' id='word_1_8' title='bbox 848 557 905 607; x_wconf 90' lang='lat' dir='ltr'>aut</span> <span class='ocrx_word' id='word_1_9' title='bbox 935 541 1053 609; x_wconf 85' lang='lat' dir='ltr'>saltem</span> <span class='ocrx_word' id='word_1_10' title='bbox 1084 544 1124 608; x_wconf 92' lang='lat' dir='ltr'>ad</span> <span class='ocrx_word' id='word_1_11' title='bbox 1148 565 1220 608; x_wconf 89' lang='lat' dir='ltr'>sen·</span> 
     </span>
     <span class='ocr_line' id='line_1_3' title="bbox 128 652 1221 740; baseline -0.01 -17"><span class='ocrx_word' id='word_1_12' title='bbox 128 660 264 723; x_wconf 88' lang='lat' dir='ltr'>tentiam</span> <span class='ocrx_word' id='word_1_13' title='bbox 296 655 362 720; x_wconf 84' lang='lat' dir='ltr'>sihi</span> <span class='ocrx_word' id='word_1_14' title='bbox 392 654 561 740; x_wconf 89' lang='lat' dir='ltr'>probatam</span> <span class='ocrx_word' id='word_1_15' title='bbox 590 653 713 740; x_wconf 89' lang='lat' dir='ltr'>aliquid</span> <span class='ocrx_word' id='word_1_16' title='bbox 745 653 889 718; x_wconf 80' lang='lat' dir='ltr'>adiceret</span> <span class='ocrx_word' id='word_1_17' title='bbox 919 654 997 714; x_wconf 91' lang='lat' dir='ltr'>noui</span> <span class='ocrx_word' id='word_1_18' title='bbox 1024 652 1221 738; x_wconf 82' lang='lat' dir='ltr'>argumenti,</span> 
     </span>
     <span class='ocr_line' id='line_1_4' title="bbox 127 755 1221 850; baseline -0.011 -20"><span class='ocrx_word' id='word_1_19' title='bbox 127 766 198 845; x_wconf 89' lang='lat' dir='ltr'>sed,</span> <span class='ocrx_word' id='word_1_20' title='bbox 216 764 302 850; x_wconf 93' lang='lat' dir='ltr'>quod</span> <span class='ocrx_word' id='word_1_21' title='bbox 318 784 416 826; x_wconf 91' lang='lat' dir='ltr'>uuum</span> <span class='ocrx_word' id='word_1_22' title='bbox 439 761 490 826; x_wconf 95' lang='lat' dir='ltr'>illi</span> <span class='ocrx_word' id='word_1_23' title='bbox 504 763 537 824; x_wconf 92' lang='lat' dir='ltr'>in</span> <span class='ocrx_word' id='word_1_24' title='bbox 549 760 758 847; x_wconf 82' lang='lat' dir='ltr'>philosophia</span> <span class='ocrx_word' id='word_1_25' title='bbox 771 761 974 847; x_wconf 88' lang='lat' dir='ltr'>propositum</span> <span class='ocrx_word' id='word_1_26' title='bbox 987 770 1069 836; x_wconf 90' lang='lat' dir='ltr'>erat,</span> <span class='ocrx_word' id='word_1_27' title='bbox 1086 769 1135 833; x_wconf 94' lang='lat' dir='ltr'>ut,</span> <span class='ocrx_word' id='word_1_28' title='bbox 1145 755 1221 842; x_wconf 93' lang='lat' dir='ltr'>quid</span> 
     </span>
     <span class='ocr_line' id='line_1_5' title="bbox 129 864 1222 957; baseline -0.008 -22"><span class='ocrx_word' id='word_1_29' title='bbox 129 867 300 957; x_wconf 80' lang='lat' dir='ltr'>asingulis</span> <span class='ocrx_word' id='word_1_30' title='bbox 313 867 531 954; x_wconf 76' lang='lat' dir='ltr'>philosophias</span> <span class='ocrx_word' id='word_1_31' title='bbox 543 866 726 952; x_wconf 84' lang='lat' dir='ltr'>disciplinis</span> <span class='ocrx_word' id='word_1_32' title='bbox 739 867 901 931; x_wconf 83' lang='lat' dir='ltr'>diceretur</span> <span class='ocrx_word' id='word_1_33' title='bbox 913 864 954 950; x_wconf 89' lang='lat' dir='ltr'>(l,</span> <span class='ocrx_word' id='word_1_34' title='bbox 966 867 1032 947; x_wconf 79' lang='lat'>1²),</span> <span class='ocrx_word' id='word_1_35' title='bbox 1045 883 1222 949; x_wconf 83' lang='lat' dir='ltr'>perseque-</span> 
     </span>
     <span class='ocr_line' id='line_1_6' title="bbox 128 967 1223 1062; baseline -0.009 -19"><span class='ocrx_word' id='word_1_36' title='bbox 128 991 259 1043; x_wconf 88' lang='lat' dir='ltr'>returet</span> <span class='ocrx_word' id='word_1_37' title='bbox 270 973 506 1062; x_wconf 91' lang='lat' dir='ltr'>quodammodo</span> <span class='ocrx_word' id='word_1_38' title='bbox 522 987 726 1060; x_wconf 84' lang='lat' dir='ltr'>conpararet.</span> <span class='ocrx_word' id='word_1_39' title='bbox 748 972 862 1058; x_wconf 87' lang='lat' dir='ltr'>ltaque</span> <span class='ocrx_word' id='word_1_40' title='bbox 882 974 1035 1058; x_wconf 91' lang='lat' dir='ltr'>quoniam</span> <span class='ocrx_word' id='word_1_41' title='bbox 1056 967 1223 1036; x_wconf 81' lang='lat' dir='ltr'>illasetate</span> 
     </span>
     <span class='ocr_line' id='line_1_7' title="bbox 125 1078 1223 1172; baseline -0.005 -25"><span class='ocrx_word' id='word_1_42' title='bbox 125 1097 244 1172; x_wconf 82' lang='lat' dir='ltr'>praeter</span> <span class='ocrx_word' id='word_1_43' title='bbox 258 1103 378 1146; x_wconf 89' lang='lat' dir='ltr'>nouam</span> <span class='ocrx_word' id='word_1_44' title='bbox 393 1080 617 1159; x_wconf 86' lang='lat' dir='ltr'>Academiam,</span> <span class='ocrx_word' id='word_1_45' title='bbox 640 1102 711 1166; x_wconf 79' lang='lat' dir='ltr'>quae</span> <span class='ocrx_word' id='word_1_46' title='bbox 726 1078 850 1144; x_wconf 92' lang='lat' dir='ltr'>nullam</span> <span class='ocrx_word' id='word_1_47' title='bbox 863 1081 960 1145; x_wconf 88' lang='lat' dir='ltr'>certis</span> <span class='ocrx_word' id='word_1_48' title='bbox 983 1079 1126 1142; x_wconf 88' lang='lat' dir='ltr'>decretis</span> <span class='ocrx_word' id='word_1_49' title='bbox 1147 1100 1223 1143; x_wconf 92' lang='lat' dir='ltr'>cou-</span> 
     </span>
     <span class='ocr_line' id='line_1_8' title="bbox 127 1183 1223 1276; baseline -0.006 -21"><span class='ocrx_word' id='word_1_50' title='bbox 127 1190 321 1276; x_wconf 87' lang='lat' dir='ltr'>prehansam</span> <span class='ocrx_word' id='word_1_51' title='bbox 349 1190 530 1252; x_wconf 87' lang='lat' dir='ltr'>doctrinam</span> <span class='ocrx_word' id='word_1_52' title='bbox 555 1186 705 1251; x_wconf 84' lang='lat' dir='ltr'>tradebat</span> <span class='ocrx_word' id='word_1_53' title='bbox 729 1209 891 1273; x_wconf 88' lang='lat' dir='ltr'>quamquo</span> <span class='ocrx_word' id='word_1_54' title='bbox 913 1189 979 1250; x_wconf 91' lang='lat' dir='ltr'>iam</span> <span class='ocrx_word' id='word_1_55' title='bbox 1006 1183 1223 1272; x_wconf 80' lang='lat' dir='ltr'>languescen-</span> 
     </span>
     <span class='ocr_line' id='line_1_9' title="bbox 128 1293 1225 1380; baseline -0.006 -19"><span class='ocrx_word' id='word_1_56' title='bbox 128 1311 194 1363; x_wconf 86' lang='lat' dir='ltr'>tem</span> <span class='ocrx_word' id='word_1_57' title='bbox 221 1318 282 1361; x_wconf 91' lang='lat' dir='ltr'>nec</span> <span class='ocrx_word' id='word_1_58' title='bbox 305 1294 449 1359; x_wconf 89' lang='lat' dir='ltr'>uolatica</span> <span class='ocrx_word' id='word_1_59' title='bbox 481 1294 738 1380; x_wconf 83' lang='lat' dir='ltr'>disputationum</span> <span class='ocrx_word' id='word_1_60' title='bbox 765 1293 901 1357; x_wconf 89' lang='lat' dir='ltr'>leuitate</span> <span class='ocrx_word' id='word_1_61' title='bbox 923 1295 1050 1356; x_wconf 88' lang='lat' dir='ltr'>animos</span> <span class='ocrx_word' id='word_1_62' title='bbox 1074 1294 1146 1355; x_wconf 91' lang='lat' dir='ltr'>ueri</span> <span class='ocrx_word' id='word_1_63' title='bbox 1170 1314 1225 1354; x_wconf 89' lang='lat' dir='ltr'>cu·</span> 
     </span>
     <span class='ocr_line' id='line_1_10' title="bbox 131 1398 1224 1490; baseline -0.005 -23"><span class='ocrx_word' id='word_1_64' title='bbox 131 1405 226 1490; x_wconf 89' lang='lat' dir='ltr'>pidos</span> <span class='ocrx_word' id='word_1_65' title='bbox 250 1402 441 1488; x_wconf 84' lang='lat' dir='ltr'>explentem</span> <span class='ocrx_word' id='word_1_66' title='bbox 457 1398 574 1464; x_wconf 85' lang='lat' dir='ltr'>Cicero</span> <span class='ocrx_word' id='word_1_67' title='bbox 596 1413 706 1463; x_wconf 88' lang='lat' dir='ltr'>tameo</span> <span class='ocrx_word' id='word_1_68' title='bbox 729 1398 770 1464; x_wconf 90' lang='lat' dir='ltr'>ab</span> <span class='ocrx_word' id='word_1_69' title='bbox 793 1398 1019 1463; x_wconf 88' lang='lat' dir='ltr'>adulescentia</span> <span class='ocrx_word' id='word_1_70' title='bbox 1040 1398 1224 1461; x_wconf 89' lang='lat' dir='ltr'>adamatam</span> 
     </span>
     <span class='ocr_line' id='line_1_11' title="bbox 131 1505 1226 1594; baseline -0.006 -19"><span class='ocrx_word' id='word_1_71' title='bbox 131 1508 282 1588; x_wconf 90' lang='lat' dir='ltr'>tenebat,</span> <span class='ocrx_word' id='word_1_72' title='bbox 325 1522 362 1572; x_wconf 89' lang='lat' dir='ltr'>ut</span> <span class='ocrx_word' id='word_1_73' title='bbox 391 1505 495 1570; x_wconf 89' lang='lat' dir='ltr'>lihero</span> <span class='ocrx_word' id='word_1_74' title='bbox 528 1529 587 1592; x_wconf 88' lang='lat' dir='ltr'>per</span> <span class='ocrx_word' id='word_1_75' title='bbox 611 1509 716 1570; x_wconf 92' lang='lat' dir='ltr'>omnis</span> <span class='ocrx_word' id='word_1_76' title='bbox 743 1506 1011 1594; x_wconf 86' lang='lat' dir='ltr'>philosophorum</span> <span class='ocrx_word' id='word_1_77' title='bbox 1035 1505 1226 1591; x_wconf 87' lang='lat' dir='ltr'>disciplinas</span> 
     </span>
     <span class='ocr_line' id='line_1_12' title="bbox 130 1612 1226 1701; baseline -0.004 -21"><span class='ocrx_word' id='word_1_78' title='bbox 130 1616 228 1680; x_wconf 85' lang='lat' dir='ltr'>flores</span> <span class='ocrx_word' id='word_1_79' title='bbox 251 1615 452 1701; x_wconf 87' lang='lat' dir='ltr'>conligeret,</span> <span class='ocrx_word' id='word_1_80' title='bbox 483 1612 555 1676; x_wconf 82' lang='lat' dir='ltr'>duta</span> <span class='ocrx_word' id='word_1_81' title='bbox 579 1626 710 1677; x_wconf 86' lang='lat' dir='ltr'>ueteres</span> <span class='ocrx_word' id='word_1_82' title='bbox 732 1614 890 1698; x_wconf 85' lang='lat' dir='ltr'>uigebant</span> <span class='ocrx_word' id='word_1_83' title='bbox 911 1628 1028 1694; x_wconf 71' lang='lat' dir='ltr'>sectas,</span> <span class='ocrx_word' id='word_1_84' title='bbox 1064 1613 1226 1699; x_wconf 89' lang='lat' dir='ltr'>Epicurea</span> 
     </span>
     <span class='ocr_line' id='line_1_13' title="bbox 130 1719 1226 1797; baseline -0.002 -11"><span class='ocrx_word' id='word_1_85' title='bbox 130 1737 164 1786; x_wconf 87' lang='lat' dir='ltr'>et</span> <span class='ocrx_word' id='word_1_86' title='bbox 189 1723 319 1797; x_wconf 84' lang='lat' dir='ltr'>Stoica,</span> <span class='ocrx_word' id='word_1_87' title='bbox 345 1722 474 1784; x_wconf 79' lang='lat' dir='ltr'>tertiani</span> <span class='ocrx_word' id='word_1_88' title='bbox 497 1719 682 1783; x_wconf 83' lang='lat' dir='ltr'>Antiochus</span> <span class='ocrx_word' id='word_1_89' title='bbox 704 1719 897 1785; x_wconf 85' lang='lat' dir='ltr'>Ascalonita</span> <span class='ocrx_word' id='word_1_90' title='bbox 919 1743 937 1785; x_wconf 94' lang='lat' dir='ltr'>e</span> <span class='ocrx_word' id='word_1_91' title='bbox 962 1723 1148 1784; x_wconf 87' lang='lat' dir='ltr'>Stoicorum</span> <span class='ocrx_word' id='word_1_92' title='bbox 1171 1720 1226 1784; x_wconf 86' lang='lat' dir='ltr'>de·</span> 
     </span>
     <span class='ocr_line' id='line_1_14' title="bbox 131 1827 1224 1914; baseline -0.001 -21"><span class='ocrx_word' id='word_1_93' title='bbox 131 1831 228 1893; x_wconf 88' lang='lat' dir='ltr'>oretis</span> <span class='ocrx_word' id='word_1_94' title='bbox 259 1841 292 1892; x_wconf 92' lang='lat' dir='ltr'>et</span> <span class='ocrx_word' id='word_1_95' title='bbox 321 1827 612 1912; x_wconf 88' lang='lat' dir='ltr'>Peripateticorum</span> <span class='ocrx_word' id='word_1_96' title='bbox 645 1827 983 1914; x_wconf 88' lang='lat' dir='ltr'>Academicorumque</span> <span class='ocrx_word' id='word_1_97' title='bbox 1018 1831 1224 1913; x_wconf 88' lang='lat' dir='ltr'>superiorum</span> 
     </span>
     <span class='ocr_line' id='line_1_15' title="bbox 130 1931 1226 2020; baseline 0 -22"><span class='ocrx_word' id='word_1_98' title='bbox 130 1937 302 1999; x_wconf 86' lang='lat' dir='ltr'>sententiis</span> <span class='ocrx_word' id='word_1_99' title='bbox 319 1933 511 2020; x_wconf 89' lang='lat' dir='ltr'>quibusdam</span> <span class='ocrx_word' id='word_1_100' title='bbox 536 1946 569 1996; x_wconf 90' lang='lat' dir='ltr'>et</span> <span class='ocrx_word' id='word_1_101' title='bbox 592 1932 704 1997; x_wconf 86' lang='lat' dir='ltr'>uerbis</span> <span class='ocrx_word' id='word_1_102' title='bbox 727 1931 787 1997; x_wconf 89' lang='lat' dir='ltr'>sub</span> <span class='ocrx_word' id='word_1_103' title='bbox 812 1936 935 1999; x_wconf 88' lang='lat' dir='ltr'>ueteris</span> <span class='ocrx_word' id='word_1_104' title='bbox 956 1933 1145 1998; x_wconf 77' lang='lat' dir='ltr'>Academiae</span> <span class='ocrx_word' id='word_1_105' title='bbox 1170 1956 1226 1998; x_wconf 92' lang='lat' dir='ltr'>no·</span> 
     </span>
     <span class='ocr_line' id='line_1_16' title="bbox 131 2038 1228 2127; baseline 0 -23"><span class='ocrx_word' id='word_1_106' title='bbox 131 2042 218 2104; x_wconf 90' lang='lat' dir='ltr'>mina</span> <span class='ocrx_word' id='word_1_107' title='bbox 249 2042 474 2118; x_wconf 87' lang='lat' dir='ltr'>constituerat,</span> <span class='ocrx_word' id='word_1_108' title='bbox 498 2038 614 2103; x_wconf 88' lang='lat' dir='ltr'>Cicero</span> <span class='ocrx_word' id='word_1_109' title='bbox 639 2043 834 2126; x_wconf 88' lang='lat' dir='ltr'>tripertitam</span> <span class='ocrx_word' id='word_1_110' title='bbox 858 2041 1114 2127; x_wconf 90' lang='lat' dir='ltr'>disputationem</span> <span class='ocrx_word' id='word_1_111' title='bbox 1139 2043 1228 2121; x_wconf 85' lang='lat' dir='ltr'>lecit,</span> 
     </span>
     <span class='ocr_line' id='line_1_17' title="bbox 132 2144 1231 2233; baseline 0.003 -24"><span class='ocrx_word' id='word_1_112' title='bbox 132 2149 384 2232; x_wconf 85' lang='lat' dir='ltr'>expositamque</span> <span class='ocrx_word' id='word_1_113' title='bbox 408 2148 547 2229; x_wconf 92' lang='lat' dir='ltr'>primum</span> <span class='ocrx_word' id='word_1_114' title='bbox 568 2144 701 2232; x_wconf 84' lang='lat' dir='ltr'>Epicuri</span> <span class='ocrx_word' id='word_1_115' title='bbox 720 2146 899 2211; x_wconf 88' lang='lat' dir='ltr'>doctrinam</span> <span class='ocrx_word' id='word_1_116' title='bbox 931 2151 1136 2233; x_wconf 78' lang='lat' dir='ltr'>oppugnauit</span> <span class='ocrx_word' id='word_1_117' title='bbox 1158 2148 1231 2233; x_wconf 89' lang='lat' dir='ltr'>ipse</span> 
     </span>
     <span class='ocr_line' id='line_1_18' title="bbox 132 2249 1228 2340; baseline 0.004 -25"><span class='ocrx_word' id='word_1_118' title='bbox 132 2254 166 2315; x_wconf 92' lang='lat' dir='ltr'>in</span> <span class='ocrx_word' id='word_1_119' title='bbox 199 2249 285 2316; x_wconf 89' lang='lat' dir='ltr'>libro</span> <span class='ocrx_word' id='word_1_120' title='bbox 314 2252 458 2315; x_wconf 86' lang='lat' dir='ltr'>secundo</span> <span class='ocrx_word' id='word_1_121' title='bbox 482 2253 667 2316; x_wconf 89' lang='lat' dir='ltr'>Stoicorum</span> <span class='ocrx_word' id='word_1_122' title='bbox 691 2253 778 2334; x_wconf 89' lang='lat' dir='ltr'>telis,</span> <span class='ocrx_word' id='word_1_123' title='bbox 803 2253 855 2318; x_wconf 94' lang='lat' dir='ltr'>hic</span> <span class='ocrx_word' id='word_1_124' title='bbox 884 2256 1013 2340; x_wconf 93' lang='lat' dir='ltr'>quidem</span> <span class='ocrx_word' id='word_1_125' title='bbox 1048 2276 1094 2319; x_wconf 87' lang='lat' dir='ltr'>ex</span> <span class='ocrx_word' id='word_1_126' title='bbox 1126 2258 1228 2319; x_wconf 91' lang='lat' dir='ltr'>animi</span> 
     </span>
     <span class='ocr_line' id='line_1_19' title="bbox 131 2358 1228 2447; baseline 0.005 -27"><span class='ocrx_word' id='word_1_127' title='bbox 131 2359 295 2421; x_wconf 86' lang='lat' dir='ltr'>sententia</span> <span class='ocrx_word' id='word_1_128' title='bbox 318 2379 439 2443; x_wconf 79' lang='lat' dir='ltr'>agens3</span> <span class='ocrx_word' id='word_1_129' title='bbox 462 2358 579 2421; x_wconf 91' lang='lat' dir='ltr'>deinde</span> <span class='ocrx_word' id='word_1_130' title='bbox 602 2359 721 2422; x_wconf 83' lang='lat' dir='ltr'>Stoicae</span> <span class='ocrx_word' id='word_1_131' title='bbox 743 2359 898 2424; x_wconf 82' lang='lat' dir='ltr'>doctrinoe</span> <span class='ocrx_word' id='word_1_132' title='bbox 921 2363 1058 2447; x_wconf 88' lang='lat' dir='ltr'>opponit</span> <span class='ocrx_word' id='word_1_133' title='bbox 1080 2364 1115 2425; x_wconf 91' lang='lat' dir='ltr'>in</span> <span class='ocrx_word' id='word_1_134' title='bbox 1141 2361 1228 2427; x_wconf 89' lang='lat' dir='ltr'>libro</span> 
     </span>
     <span class='ocr_line' id='line_1_20' title="bbox 132 2462 1229 2554; baseline 0.006 -28"><span class='ocrx_word' id='word_1_135' title='bbox 132 2476 249 2549; x_wconf 87' lang='lat' dir='ltr'>quarto</span> <span class='ocrx_word' id='word_1_136' title='bbox 272 2462 429 2527; x_wconf 90' lang='lat' dir='ltr'>Antiochi</span> <span class='ocrx_word' id='word_1_137' title='bbox 451 2463 720 2549; x_wconf 88' lang='lat' dir='ltr'>disputationem,</span> <span class='ocrx_word' id='word_1_138' title='bbox 743 2467 874 2531; x_wconf 88' lang='lat' dir='ltr'>Stoicos</span> <span class='ocrx_word' id='word_1_139' title='bbox 896 2489 1012 2554; x_wconf 89' lang='lat' dir='ltr'>reapse</span> <span class='ocrx_word' id='word_1_140' title='bbox 1037 2489 1110 2533; x_wconf 91' lang='lat' dir='ltr'>cum</span> <span class='ocrx_word' id='word_1_141' title='bbox 1135 2481 1229 2533; x_wconf 86' lang='lat' dir='ltr'>uete-</span> 
     </span>
     <span class='ocr_line' id='line_1_21' title="bbox 131 2570 1229 2656; baseline 0.005 -21"><span class='ocrx_word' id='word_1_142' title='bbox 131 2570 222 2635; x_wconf 87' lang='lat' dir='ltr'>ribus</span> <span class='ocrx_word' id='word_1_143' title='bbox 237 2570 445 2635; x_wconf 85' lang='lat' dir='ltr'>Academicis</span> <span class='ocrx_word' id='word_1_144' title='bbox 463 2583 496 2633; x_wconf 92' lang='lat' dir='ltr'>et</span> <span class='ocrx_word' id='word_1_145' title='bbox 513 2571 753 2656; x_wconf 87' lang='lat' dir='ltr'>Peripateticis,</span> <span class='ocrx_word' id='word_1_146' title='bbox 767 2574 800 2637; x_wconf 81' lang='lat' dir='ltr'>irl</span> <span class='ocrx_word' id='word_1_147' title='bbox 823 2588 885 2652; x_wconf 90' lang='lat' dir='ltr'>est,</span> <span class='ocrx_word' id='word_1_148' title='bbox 908 2597 980 2639; x_wconf 87' lang='lat' dir='ltr'>curn</span> <span class='ocrx_word' id='word_1_149' title='bbox 997 2597 1037 2638; x_wconf 90' lang='lat' dir='ltr'>ea</span> <span class='ocrx_word' id='word_1_150' title='bbox 1050 2576 1158 2639; x_wconf 77' lang='lat' dir='ltr'>foruna</span> <span class='ocrx_word' id='word_1_151' title='bbox 1172 2577 1229 2640; x_wconf 94' lang='lat' dir='ltr'>de·</span> 
     </span>
     <span class='ocr_line' id='line_1_22' title="bbox 132 2667 1229 2763; baseline 0.004 -22"><span class='ocrx_word' id='word_1_152' title='bbox 132 2690 312 2755; x_wconf 88' lang='lat' dir='ltr'>cretorum‚</span> <span class='ocrx_word' id='word_1_153' title='bbox 336 2698 434 2763; x_wconf 91' lang='lat' dir='ltr'>quam</span> <span class='ocrx_word' id='word_1_154' title='bbox 457 2676 642 2742; x_wconf 90' lang='lat' dir='ltr'>Antiochus</span> <span class='ocrx_word' id='word_1_155' title='bbox 665 2678 798 2744; x_wconf 89' lang='lat' dir='ltr'>illorum</span> <span class='ocrx_word' id='word_1_156' title='bbox 822 2701 895 2744; x_wconf 88' lang='lat' dir='ltr'>esse</span> <span class='ocrx_word' id='word_1_157' title='bbox 919 2679 1068 2760; x_wconf 88' lang='lat' dir='ltr'>docebat,</span> <span class='ocrx_word' id='word_1_158' title='bbox 1090 2667 1229 2745; x_wconf 87' lang='lat' dir='ltr'>consen·</span> 
     </span>
     <span class='ocr_line' id='line_1_23' title="bbox 134 2783 1229 2873; baseline 0.004 -26"><span class='ocrx_word' id='word_1_159' title='bbox 134 2785 207 2864; x_wconf 93' lang='lat' dir='ltr'>tire,</span> <span class='ocrx_word' id='word_1_160' title='bbox 229 2796 353 2848; x_wconf 89' lang='lat' dir='ltr'>tanturn</span> <span class='ocrx_word' id='word_1_161' title='bbox 368 2783 479 2847; x_wconf 85' lang='lat' dir='ltr'>uerbis</span> <span class='ocrx_word' id='word_1_162' title='bbox 498 2783 574 2847; x_wconf 87' lang='lat' dir='ltr'>aliis</span> <span class='ocrx_word' id='word_1_163' title='bbox 594 2786 661 2861; x_wconf 83' lang='lat' dir='ltr'>nti3</span> <span class='ocrx_word' id='word_1_164' title='bbox 679 2799 848 2873; x_wconf 88' lang='lat' dir='ltr'>postremo</span> <span class='ocrx_word' id='word_1_165' title='bbox 867 2789 901 2850; x_wconf 93' lang='lat' dir='ltr'>in</span> <span class='ocrx_word' id='word_1_166' title='bbox 923 2785 1009 2851; x_wconf 92' lang='lat' dir='ltr'>libro</span> <span class='ocrx_word' id='word_1_167' title='bbox 1022 2790 1148 2873; x_wconf 91' lang='lat' dir='ltr'>quinto,</span> <span class='ocrx_word' id='word_1_168' title='bbox 1171 2809 1229 2851; x_wconf 82' lang='lat' dir='ltr'>ex·</span> 
     </span>
     <span class='ocr_line' id='line_1_24' title="bbox 131 2890 1229 2980; baseline 0.005 -26"><span class='ocrx_word' id='word_1_169' title='bbox 131 2890 423 2976; x_wconf 89' lang='lat' dir='ltr'>plicataAntioohi</span> <span class='ocrx_word' id='word_1_170' title='bbox 445 2890 629 2977; x_wconf 84' lang='lat' dir='ltr'>disciplina,</span> <span class='ocrx_word' id='word_1_171' title='bbox 652 2914 755 2978; x_wconf 90' lang='lat' dir='ltr'>pauca</span> <span class='ocrx_word' id='word_1_172' title='bbox 781 2893 930 2980; x_wconf 78' lang='lat' dir='ltr'>quaedam</span> <span class='ocrx_word' id='word_1_173' title='bbox 952 2896 999 2957; x_wconf 89' lang='lat' dir='ltr'>ita</span> <span class='ocrx_word' id='word_1_174' title='bbox 1023 2908 1137 2958; x_wconf 87' lang='lat' dir='ltr'>contra</span> <span class='ocrx_word' id='word_1_175' title='bbox 1163 2897 1229 2960; x_wconf 91' lang='lat' dir='ltr'>dis·</span> 
     </span>
     <span class='ocr_line' id='line_1_25' title="bbox 132 2999 1228 3086; baseline 0.005 -27"><span class='ocrx_word' id='word_1_176' title='bbox 132 3009 304 3075; x_wconf 89' lang='lat' dir='ltr'>seruntur,</span> <span class='ocrx_word' id='word_1_177' title='bbox 349 3011 385 3061; x_wconf 91' lang='lat' dir='ltr'>ut</span> <span class='ocrx_word' id='word_1_178' title='bbox 410 2999 513 3063; x_wconf 85' lang='lat' dir='ltr'>Stoici</span> <span class='ocrx_word' id='word_1_179' title='bbox 538 3001 644 3086; x_wconf 82' lang='lat' dir='ltr'>magis</span> <span class='ocrx_word' id='word_1_180' title='bbox 675 2999 740 3064; x_wconf 83' lang='lat' dir='ltr'>sihi</span> <span class='ocrx_word' id='word_1_181' title='bbox 762 3013 912 3064; x_wconf 88' lang='lat' dir='ltr'>constare</span> <span class='ocrx_word' id='word_1_182' title='bbox 936 3000 1127 3078; x_wconf 89' lang='lat' dir='ltr'>uideantur,</span> <span class='ocrx_word' id='word_1_183' title='bbox 1176 3004 1228 3066; x_wconf 91' lang='lat' dir='ltr'>cui</span> 
     </span>
     <span class='ocr_line' id='line_1_26' title="bbox 134 3102 1230 3192; baseline 0.009 -27"><span class='ocrx_word' id='word_1_184' title='bbox 134 3114 244 3166; x_wconf 91' lang='lat' dir='ltr'>tamen</span> <span class='ocrx_word' id='word_1_185' title='bbox 265 3102 479 3189; x_wconf 89' lang='lat' dir='ltr'>disputationi</span> <span class='ocrx_word' id='word_1_186' title='bbox 507 3127 568 3191; x_wconf 94' lang='lat' dir='ltr'>pro</span> <span class='ocrx_word' id='word_1_187' title='bbox 592 3105 758 3170; x_wconf 94' lang='lat' dir='ltr'>Antiocho</span> <span class='ocrx_word' id='word_1_188' title='bbox 795 3106 1020 3192; x_wconf 88' lang='lat' dir='ltr'>respondetur.</span> <span class='ocrx_word' id='word_1_189' title='bbox 1034 3107 1059 3189; x_wconf 94' lang='lat'>¹)</span> <span class='ocrx_word' id='word_1_190' title='bbox 1107 3106 1145 3172; x_wconf 89' lang='lat' dir='ltr'>lu</span> <span class='ocrx_word' id='word_1_191' title='bbox 1168 3108 1230 3175; x_wconf 87' lang='lat' dir='ltr'>hac</span> 
     </span>
    </p>
   </div>
   <div class='ocr_carea' id='block_1_3' title="bbox 159 3455 1229 4466">
    <p class='ocr_par' dir='ltr' id='par_1_3' title="bbox 201 3455 1226 4278">
     <span class='ocr_line' id='line_1_27' title="bbox 206 3455 1226 3536; baseline 0.011 -27"><span class='ocrx_word' id='word_1_192' title='bbox 206 3455 355 3528; x_wconf 87' lang='lat' dir='ltr'>losoplris,</span> <span class='ocrx_word' id='word_1_193' title='bbox 395 3469 428 3514; x_wconf 87' lang='lat' dir='ltr'>ut</span> <span class='ocrx_word' id='word_1_194' title='bbox 446 3462 477 3516; x_wconf 92' lang='lat' dir='ltr'>id</span> <span class='ocrx_word' id='word_1_195' title='bbox 501 3461 730 3534; x_wconf 74' lang='lat' dir='ltr'>significaretur,</span> <span class='ocrx_word' id='word_1_196' title='bbox 765 3463 797 3518; x_wconf 88' lang='lat' dir='ltr'>in</span> <span class='ocrx_word' id='word_1_197' title='bbox 821 3479 880 3536; x_wconf 90' lang='lat' dir='ltr'>quo</span> <span class='ocrx_word' id='word_1_198' title='bbox 904 3469 1030 3518; x_wconf 74' lang='lat' dir='ltr'>extruso</span> <span class='ocrx_word' id='word_1_199' title='bbox 1054 3466 1226 3520; x_wconf 83' lang='lat' dir='ltr'>consisteret</span> 
     </span>
     <span class='ocr_line' id='line_1_28' title="bbox 201 3555 1224 3630; baseline 0.009 -27"><span class='ocrx_word' id='word_1_200' title='bbox 201 3567 308 3605; x_wconf 73' lang='lat' dir='ltr'>mussa</span> <span class='ocrx_word' id='word_1_201' title='bbox 326 3559 356 3606; x_wconf 86' lang='lat' dir='ltr'>et</span> <span class='ocrx_word' id='word_1_202' title='bbox 372 3555 476 3609; x_wconf 85' lang='lat' dir='ltr'>consili</span> <span class='ocrx_word' id='word_1_203' title='bbox 495 3556 659 3630; x_wconf 78' lang='lat' dir='ltr'>exquisitio.</span> <span class='ocrx_word' id='word_1_204' title='bbox 706 3555 806 3629; x_wconf 78' lang='lat' dir='ltr'>ltaque</span> <span class='ocrx_word' id='word_1_205' title='bbox 824 3557 942 3629; x_wconf 88' lang='lat' dir='ltr'>proprie</span> <span class='ocrx_word' id='word_1_206' title='bbox 959 3555 1097 3610; x_wconf 84' lang='lat' dir='ltr'>debonis</span> <span class='ocrx_word' id='word_1_207' title='bbox 1117 3557 1224 3614; x_wconf 84' lang='lat' dir='ltr'>dicitur</span> 
     </span>
     <span class='ocr_line' id='line_1_29' title="bbox 203 3645 1222 3722; baseline 0.008 -26"><span class='ocrx_word' id='word_1_208' title='bbox 203 3645 424 3721; x_wconf 75' lang='lat' dir='ltr'>sepissumequa</span> <span class='ocrx_word' id='word_1_209' title='bbox 444 3649 564 3722; x_wconf 85' lang='lat' dir='ltr'>ponitur</span> <span class='ocrx_word' id='word_1_210' title='bbox 588 3668 648 3703; x_wconf 82' lang='lat' dir='ltr'>noa</span> <span class='ocrx_word' id='word_1_211' title='bbox 671 3649 769 3705; x_wconf 80' lang='lat' dir='ltr'>addito</span> <span class='ocrx_word' id='word_1_212' title='bbox 791 3645 916 3721; x_wconf 69' lang='lat' dir='ltr'>ripaticis.</span> <span class='ocrx_word' id='word_1_213' title='bbox 971 3647 1029 3702; x_wconf 88' lang='lat' dir='ltr'>Sed</span> <span class='ocrx_word' id='word_1_214' title='bbox 1047 3655 1142 3704; x_wconf 71' lang='lat' dir='ltr'>umen</span> <span class='ocrx_word' id='word_1_215' title='bbox 1161 3669 1222 3705; x_wconf 88' lang='lat' dir='ltr'>seu·</span> 
     </span>
     <span class='ocr_line' id='line_1_30' title="bbox 202 3736 1225 3814; baseline 0.008 -25"><span class='ocrx_word' id='word_1_216' title='bbox 202 3736 274 3801; x_wconf 88' lang='lat' dir='ltr'>sim,</span> <span class='ocrx_word' id='word_1_217' title='bbox 298 3748 410 3796; x_wconf 79' lang='lat' dir='ltr'>retenta</span> <span class='ocrx_word' id='word_1_218' title='bbox 428 3749 539 3797; x_wconf 78' lang='lat' dir='ltr'>tautum</span> <span class='ocrx_word' id='word_1_219' title='bbox 557 3743 661 3797; x_wconf 84' lang='lat' dir='ltr'>ultumi</span> <span class='ocrx_word' id='word_1_220' title='bbox 680 3750 709 3796; x_wconf 90' lang='lat' dir='ltr'>et</span> <span class='ocrx_word' id='word_1_221' title='bbox 727 3742 807 3808; x_wconf 86' lang='lat' dir='ltr'>eius,</span> <span class='ocrx_word' id='word_1_222' title='bbox 829 3741 907 3814; x_wconf 92' lang='lat' dir='ltr'>quod</span> <span class='ocrx_word' id='word_1_223' title='bbox 926 3758 1109 3813; x_wconf 77' lang='lat' dir='ltr'>progressum</span> <span class='ocrx_word' id='word_1_224' title='bbox 1128 3744 1225 3797; x_wconf 85' lang='lat' dir='ltr'>termi-</span> 
     </span>
     <span class='ocr_line' id='line_1_31' title="bbox 202 3832 1226 3909; baseline 0.01 -29"><span class='ocrx_word' id='word_1_225' title='bbox 202 3838 293 3895; x_wconf 81' lang='lat' dir='ltr'>naret,</span> <span class='ocrx_word' id='word_1_226' title='bbox 311 3832 532 3903; x_wconf 70' lang='lat' dir='ltr'>significatione,</span> <span class='ocrx_word' id='word_1_227' title='bbox 550 3836 712 3890; x_wconf 79' lang='lat' dir='ltr'>traductum</span> <span class='ocrx_word' id='word_1_228' title='bbox 730 3843 757 3890; x_wconf 84' lang='lat' dir='ltr'>st</span> <span class='ocrx_word' id='word_1_229' title='bbox 776 3834 869 3902; x_wconf 79' lang='lat' dir='ltr'>adid,</span> <span class='ocrx_word' id='word_1_230' title='bbox 887 3836 965 3909; x_wconf 89' lang='lat' dir='ltr'>quod</span> <span class='ocrx_word' id='word_1_231' title='bbox 983 3836 1226 3907; x_wconf 78' lang='lat' dir='ltr'>inconpantione</span> 
     </span>
     <span class='ocr_line' id='line_1_32' title="bbox 203 3924 1224 4002; baseline 0.006 -27"><span class='ocrx_word' id='word_1_232' title='bbox 203 3924 409 3980; x_wconf 82' lang='lat' dir='ltr'>summobono</span> <span class='ocrx_word' id='word_1_233' title='bbox 436 3928 611 3982; x_wconf 71' lang='lat' dir='ltr'>sonnacium</span> <span class='ocrx_word' id='word_1_234' title='bbox 634 3936 729 3993; x_wconf 86' lang='lat' dir='ltr'>esset,</span> <span class='ocrx_word' id='word_1_235' title='bbox 764 3936 851 4002; x_wconf 83' lang='lat' dir='ltr'>atque</span> <span class='ocrx_word' id='word_1_236' title='bbox 868 3929 909 3983; x_wconf 82' lang='lat' dir='ltr'>ita</span> <span class='ocrx_word' id='word_1_237' title='bbox 929 3937 959 3984; x_wconf 88' lang='lat' dir='ltr'>ct</span> <span class='ocrx_word' id='word_1_238' title='bbox 975 3947 991 3982; x_wconf 79' lang='lat' dir='ltr'>a</span> <span class='ocrx_word' id='word_1_239' title='bbox 1009 3928 1118 3982; x_wconf 68' lang='lat' dir='ltr'>Grecis</span> <span class='ocrx_word' id='word_1_240' title='bbox 1136 3929 1224 3983; x_wconf 88' lang='lat' dir='ltr'>inter·</span> 
     </span>
     <span class='ocr_line' id='line_1_33' title="bbox 203 4011 1225 4094; baseline 0.009 -27"><span class='ocrx_word' id='word_1_241' title='bbox 203 4011 270 4067; x_wconf 77' lang='lat' dir='ltr'>dun</span> <span class='ocrx_word' id='word_1_242' title='bbox 287 4018 415 4087; x_wconf 86' lang='lat' dir='ltr'>positum</span> <span class='ocrx_word' id='word_1_243' title='bbox 432 4019 550 4076; x_wconf 87' lang='lat' dir='ltr'>uidetur</span> <span class='ocrx_word' id='word_1_244' title='bbox 567 4020 657 4094; x_wconf 81' lang='lat' dir='ltr'>(apud</span> <span class='ocrx_word' id='word_1_245' title='bbox 675 4021 834 4094; x_wconf 78' lang='lat' dir='ltr'>Diogenen</span> <span class='ocrx_word' id='word_1_246' title='bbox 853 4021 949 4078; x_wconf 64' lang='lat' dir='ltr'>Laffl.</span> <span class='ocrx_word' id='word_1_247' title='bbox 969 4021 1043 4086; x_wconf 80' lang='lat' dir='ltr'>vlt,</span> <span class='ocrx_word' id='word_1_248' title='bbox 1079 4028 1115 4074; x_wconf 78' lang='lat' dir='ltr'>st</span> <span class='ocrx_word' id='word_1_249' title='bbox 1132 4017 1225 4078; x_wconf 71' lang='lat' dir='ltr'>celasti</span> 
     </span>
     <span class='ocr_line' id='line_1_34' title="bbox 204 4105 1225 4186; baseline 0.007 -26"><span class='ocrx_word' id='word_1_250' title='bbox 204 4105 291 4176; x_wconf 70' lang='lat' dir='ltr'>saud)</span> <span class='ocrx_word' id='word_1_251' title='bbox 311 4117 340 4162; x_wconf 88' lang='lat' dir='ltr'>ct</span> <span class='ocrx_word' id='word_1_252' title='bbox 356 4111 459 4167; x_wconf 82' lang='lat' dir='ltr'>Latine</span> <span class='ocrx_word' id='word_1_253' title='bbox 478 4114 564 4168; x_wconf 78' lang='lat' dir='ltr'>etiarn</span> <span class='ocrx_word' id='word_1_254' title='bbox 583 4132 599 4169; x_wconf 80' lang='lat' dir='ltr'>a</span> <span class='ocrx_word' id='word_1_255' title='bbox 617 4113 764 4178; x_wconf 76' lang='lat' dir='ltr'>liar-roua,</span> <span class='ocrx_word' id='word_1_256' title='bbox 792 4113 841 4186; x_wconf 81' lang='lat' dir='ltr'>qui</span> <span class='ocrx_word' id='word_1_257' title='bbox 862 4112 994 4176; x_wconf 86' lang='lat' dir='ltr'>eosdem,</span> <span class='ocrx_word' id='word_1_258' title='bbox 1021 4131 1093 4186; x_wconf 78' lang='lat' dir='ltr'>quos</span> <span class='ocrx_word' id='word_1_259' title='bbox 1111 4114 1225 4176; x_wconf 85' lang='lat' dir='ltr'>Cicero,</span> 
     </span>
     <span class='ocr_line' id='line_1_35' title="bbox 206 4203 1073 4278; baseline 0.012 -28"><span class='ocrx_word' id='word_1_260' title='bbox 206 4207 322 4256; x_wconf 75' lang='lat' dir='ltr'>aeratus</span> <span class='ocrx_word' id='word_1_261' title='bbox 341 4211 403 4267; x_wconf 87' lang='lat' dir='ltr'>eat,</span> <span class='ocrx_word' id='word_1_262' title='bbox 426 4203 501 4277; x_wconf 81' lang='lat' dir='ltr'>apud</span> <span class='ocrx_word' id='word_1_263' title='bbox 518 4206 713 4278; x_wconf 73' lang='lat' dir='ltr'>Augustiuam</span> <span class='ocrx_word' id='word_1_264' title='bbox 732 4207 768 4262; x_wconf 86' lang='lat' dir='ltr'>de</span> <span class='ocrx_word' id='word_1_265' title='bbox 781 4205 847 4261; x_wconf 87' lang='lat' dir='ltr'>Ciu.</span> <span class='ocrx_word' id='word_1_266' title='bbox 865 4205 919 4259; x_wconf 82' lang='lat' dir='ltr'>Dei</span> <span class='ocrx_word' id='word_1_267' title='bbox 939 4205 1029 4271; x_wconf 75' lang='lat' dir='ltr'>XlX,</span> <span class='ocrx_word' id='word_1_268' title='bbox 1049 4209 1073 4260; x_wconf 90' lang='grc'>1.</span> 
     </span>
    </p>

    <p class='ocr_par' dir='ltr' id='par_1_4' title="bbox 159 4287 1229 4466">
     <span class='ocr_line' id='line_1_36' title="bbox 159 4287 1228 4371; baseline 0.004 -25"><span class='ocrx_word' id='word_1_269' title='bbox 159 4287 187 4353; x_wconf 88' lang='lat'>¹)</span> <span class='ocrx_word' id='word_1_270' title='bbox 208 4292 255 4348; x_wconf 87' lang='lat' dir='ltr'>Ad</span> <span class='ocrx_word' id='word_1_271' title='bbox 274 4295 392 4350; x_wconf 82' lang='lat' dir='ltr'>eandem</span> <span class='ocrx_word' id='word_1_272' title='bbox 409 4296 529 4352; x_wconf 75' lang='lat' dir='ltr'>sormam</span> <span class='ocrx_word' id='word_1_273' title='bbox 556 4299 693 4371; x_wconf 84' lang='lat' dir='ltr'>descripti</span> <span class='ocrx_word' id='word_1_274' title='bbox 722 4305 790 4353; x_wconf 88' lang='lat' dir='ltr'>suut</span> <span class='ocrx_word' id='word_1_275' title='bbox 814 4297 884 4352; x_wconf 76' lang='lat' dir='ltr'>tisri</span> <span class='ocrx_word' id='word_1_276' title='bbox 909 4296 945 4352; x_wconf 91' lang='lat' dir='ltr'>de</span> <span class='ocrx_word' id='word_1_277' title='bbox 970 4303 1072 4351; x_wconf 71' lang='lat' dir='ltr'>namra</span> <span class='ocrx_word' id='word_1_278' title='bbox 1099 4297 1228 4358; x_wconf 74' lang='lat' dir='ltr'>deotatus,</span> 
     </span>
     <span class='ocr_line' id='line_1_37' title="bbox 206 4387 1229 4466; baseline 0 -24"><span class='ocrx_word' id='word_1_279' title='bbox 206 4387 256 4442; x_wconf 83' lang='lat' dir='ltr'>scd</span> <span class='ocrx_word' id='word_1_280' title='bbox 281 4388 359 4462; x_wconf 84' lang='lat' dir='ltr'>quod</span> <span class='ocrx_word' id='word_1_281' title='bbox 383 4389 545 4446; x_wconf 80' lang='lat' dir='ltr'>Antiochus</span> <span class='ocrx_word' id='word_1_282' title='bbox 570 4392 644 4448; x_wconf 83' lang='lat' dir='ltr'>hauc</span> <span class='ocrx_word' id='word_1_283' title='bbox 668 4399 778 4465; x_wconf 74' lang='lat' dir='ltr'>portora</span> <span class='ocrx_word' id='word_1_284' title='bbox 803 4389 994 4466; x_wconf 69' lang='lat' dir='ltr'>philosophia</span> <span class='ocrx_word' id='word_1_285' title='bbox 1019 4407 1096 4445; x_wconf 88' lang='lat' dir='ltr'>nouo</span> <span class='ocrx_word' id='word_1_286' title='bbox 1118 4389 1229 4444; x_wconf 87' lang='lat' dir='ltr'>uestitu</span> 
     </span>
    </p>
   </div>
   <div class='ocr_carea' id='block_1_4' title="bbox 0 0 1366 5018">
    <p class='ocr_par' dir='ltr' id='par_1_5' title="bbox 0 0 1366 5018">
     <span class='ocr_line' id='line_1_38' title="bbox 0 0 1366 5018; baseline 0 0"><span class='ocrx_word' id='word_1_287' title='bbox 0 0 1366 5018; x_wconf 95' lang='lat' dir='ltr'> </span> 
     </span>
    </p>
   </div>
  </div>
 </body>
</html>
