2706 5018
206 350 324 423 XLVI
626 352 882 426 PRAEFATIO.

206 551 297 633 (narn
316 547 358 614 dc
381 547 548 615 codicibus
567 548 691 618 dictura
714 557 759 640 rt)
783 573 941 621 muxuatc
974 564 1169 640 peccatura
1190 552 1296 644 pbilo-

206 655 312 744 logia,
355 677 455 742 quoru
485 657 520 719 in
547 655 666 744 regula
694 663 821 749 iisque,
864 681 936 745 qua
967 658 1009 725 cb
1039 681 1080 728 ca
1108 658 1297 740 deflectunt,

205 763 472 841 considerandis,
519 766 597 849 quia
627 787 714 831 nunc
743 766 884 834 Latinus
910 778 944 830 et
965 764 1100 833 Groecue
1124 788 1235 834 rcrtuo
1258 766 1298 833 li·

206 870 275 936 bria
297 869 471 936 conclurus
503 870 650 938 studioaa
676 886 747 939 artc
776 872 1074 959 conprehenditur,
1122 894 1188 939 uon
1218 874 1298 939 actia

205 978 444 1054 meminerunt,
467 998 541 1065 quoe
561 980 606 1042 ait
627 981 808 1046 communia
829 979 1017 1063 liuguarurn
1040 978 1212 1049 bornicum
1236 1001 1296 1044 uau

205 1084 391 1171 uigentiura
422 1096 550 1149 natura.
618 1085 680 1151 llle
721 1088 808 1154 enirn
848 1097 999 1151 uctcrunr
1037 1107 1148 1151 acrrno
1179 1086 1297 1153 iiadcnt

206 1188 359 1257 omnibus
378 1193 508 1287 racadu
525 1191 723 1259 mouebatur
742 1204 775 1256 at
807 1189 1012 1270 flectebatur,
1035 1191 1155 1278 quibua
1176 1205 1298 1268 nostor,

128 1315 129 1318 ’
205 1298 265 1364 aed
290 1319 339 1363 era
364 1317 487 1364 caunac
509 1296 609 1363 aliam
633 1300 805 1364 aratoriam
829 1310 863 1363 et
884 1299 1025 1366 fortean
1051 1296 1093 1365 ab
1116 1300 1214 1363 initio
1237 1297 1298 1364 ali·

205 1416 257 1471 ter
277 1406 486 1470 contriturum
521 1405 653 1470 dicarao
674 1405 772 1471 ruodo
797 1417 927 1491 regunt.
970 1405 1085 1492 Itaque
1109 1405 1197 1490 quod
1219 1403 1299 1471 clirn

207 1509 329 1582 raritas
351 1511 515 1597 miraeque
537 1509 661 1598 figurae
684 1510 938 1597 excogitabant,
969 1534 1109 1598 quarum
1131 1532 1194 1577 uau
1215 1513 1302 1576 acti·

204 1618 280 1704 quia
302 1637 432 1681 cntncur
453 1640 640 1687 ccrrnonaru
664 1631 796 1684 uertere
819 1617 954 1686 licuisse
988 1617 1168 1705 putabant,
1213 1636 1300 1683 nune

206 1734 322 1788 contra
358 1725 477 1804 partim
516 1746 646 1791 curarat
692 1725 937 1813 neglegentiam
983 1723 1302 1810 ambiguitatemque

205 1827 417 1896 aucteribur
441 1829 566 1918 linguis
589 1831 762 1903 exclucarn
790 1844 927 1916 putant,
975 1833 1095 1916 partim
1117 1832 1201 1914 ruira
1223 1833 1305 1896 acri·

202 1948 335 2022 prorum
359 1934 500 2004 artificia
529 1942 722 2024 excogitant
745 1937 1088 2026 aigniiicaticncaquc,
1119 1958 1201 2024 quar
1221 1935 1302 2002 illoc

207 2045 363 2129 consequi
386 2043 533 2108 uoluisse
556 2043 776 2123 arbitrantur,
801 2046 1119 2122 decucurrerunt,
1149 2040 1302 2130 ainguloa

207 2147 376 2228 boruinrr,
421 2152 477 2237 qui
500 2149 614 2237 lingua
641 2149 753 2237 aliqua
777 2163 930 2231 utantur,
973 2152 1020 2218 ita
1042 2151 1207 2215 communi
1228 2151 1302 2214 eiua

124 2295 129 2303 ·
207 2257 444 2342 ordinatura,
489 2270 525 2319 ut
554 2258 619 2343 ipsi
649 2277 753 2321 nouas
795 2254 1056 2345 significationes
1084 2253 1212 2340 fingere
1241 2276 1301 2320 na·

204 2375 349 2447 queant,
390 2382 472 2448 quaa
500 2384 597 2427 ncrco
625 2361 854 2429 intellecturus
875 2366 937 2440 rit,
981 2375 1050 2429 turn
1071 2383 1160 2448 crepa
1176 2359 1302 2427 obliui-

206 2481 361 2547 acuntur‚
406 2490 479 2554 qua
502 2470 547 2533 ait
577 2469 821 2535 lcrcraruorad
851 2468 1000 2556 regulata
1036 2470 1218 2555 poaitarurn
1248 2468 1301 2531 uia

205 2587 241 2638 ct
263 2596 380 2639 carrara
399 2578 448 2668 (ut
467 2577 503 2639 in
521 2574 601 2655 illo,
644 2577 728 2661 qaod
753 2577 794 2642 od
817 2576 852 2655 l,
874 2579 916 2642 lo
938 2597 970 2661 p.
991 2576 1035 2640 25
1055 2575 1185 2661 adtigi).
1231 2572 1300 2651 Qui

205 2680 385 2766 {trudantur
407 2694 527 2767 agent,
548 2680 599 2747 illi
623 2685 775 2769 prinlum,
797 2703 895 2768 quoru
917 2695 1091 2767 quaretur,
1111 2692 1246 2745 rcctcna
1266 2691 1301 2746 et

206 2783 325 2853 Latina
347 2786 472 2874 aliquid
495 2802 552 2854 cut
573 2791 706 2855 omniuo
729 2801 786 2854 aut
814 2802 903 2853 certo
927 2801 1075 2872 tenrpcra
1098 2787 1221 2851 dictum
1246 2788 1301 2865 ait,

206 2917 364 2960 ruaxuruc
386 2894 650 2975 considerabunt,
669 2917 734 2982 quo
757 2898 896 2960 transitu
919 2909 952 2962 at
969 2892 1087 2981 quibua
1110 2895 1203 2979 quari
1224 2915 1301 2978 gra·

206 3000 304 3065 dibus
328 3024 348 3065 a
369 3014 525 3067 consueta
553 3019 613 3067 aut
645 3001 888 3090 significatione
920 2999 1096 3064 uarborurn
1138 3012 1196 3064 aut
1227 3001 1302 3064 iun·

207 3120 299 3171 ctura
321 3107 362 3173 ud
388 3106 492 3187 banc,
514 3109 554 3172 dc
575 3130 641 3194 qua
664 3122 843 3194 quaeratur,
866 3109 971 3172 ueniri
996 3107 1157 3192 potuerit,
1180 3105 1299 3171 daicdc

206 3226 336 3292 autaut,
360 3235 458 3298 quom
481 3213 521 3278 dc
545 3213 680 3278 licentia
700 3213 978 3299 neglegentiaque
1001 3209 1218 3290 dubitabitur,
1242 3211 1299 3276 ad·

206 3319 359 3395 tundent,
405 3340 488 3403 quos
512 3321 544 3382 ai
574 3332 607 3383 et
630 3341 649 3384 a
676 3340 740 3405 qua
762 3332 855 3404 purte
879 3320 988 3384 aditus
1009 3317 1171 3406 legittima
1190 3317 1299 3383 lcrrua

207 3425 334 3491 dederit
358 3445 494 3511 quaequc
517 3445 642 3490 cantaro
669 3427 862 3510 scriptorem
891 3426 1067 3490 traxerint.
1133 3421 1213 3489 llarc
1234 3445 1298 3511 cgc

204 3533 353 3597 etudierc
383 3551 583 3617 peraequare
613 3544 647 3594 et
679 3533 801 3617 negaui
828 3532 975 3617 quredanr
1007 3530 1164 3610 feranda,
1208 3530 1295 3616 quod

205 3639 374 3724 legitumu
398 3637 511 3700 icrruar
533 3658 605 3703 aaut
631 3636 912 3724 perturbationem
933 3635 1114 3715 baberent,
1147 3656 1221 3721 quta
1243 3657 1298 3701 ac·

204 3746 315 3810 cidara
338 3743 467 3808 Luticia
485 3744 665 3829 acquircct,
689 3756 722 3808 ct
743 3741 925 3827 permulta,
942 3764 1015 3829 quaa
1039 3744 1183 3808 minuma
1208 3756 1299 3807 recta

204 3863 337 3931 errant,
361 3864 470 3914 tamen
495 3872 516 3914 ιι
536 3847 696 3915 Cicerone
722 3851 845 3935 scripta
866 3847 1020 3945 ,deieudi,
1065 3861 1100 3912 ut
1123 3848 1206 3914 illud
1229 3871 1298 3915 nra·

207 3977 309 4021 ιιιιιιιο
334 3955 480 4021 notabile
501 3959 536 4021 in
559 3955 618 4024 lib.
644 3956 713 4034 lll,
758 3957 819 4031 ⁶13
862 3953 1048 4031 interdurn,
1070 3953 1299 4019 derncnatratc

206 4063 289 4127 uitio
313 4075 346 4126 ct
369 4062 454 4127 sulca
475 4063 667 4128 defensione
685 4063 843 4140 detracta,
864 4073 974 4126 tantan
997 4057 1159 4135 dubitaui,
1180 4081 1302 4145 quous·

207 4191 270 4254 quc
293 4167 410 4234 Ciccro
435 4191 628 4256 progressus
651 4181 761 4245 cacat,
800 4163 931 4261 urin,
954 4167 1006 4232 at.
1021 4165 1051 4248 ¹)
1114 4164 1181 4230 Scd
1204 4179 1237 4230 ct
1260 4167 1301 4231 de

207 4312 437 4327 Μ

230 4390 254 4453 ι)
274 4385 416 4453 Quonim
434 4384 543 4441 incutio
562 4384 638 4440 lacta
657 4393 685 4439 at
701 4383 809 4439 uctcric
829 4382 968 4437 carmonis
989 4381 1081 4438 libare
1107 4398 1139 4435 ac
1165 4387 1194 4433 et
1222 4388 1304 4436 natu-
