2730 5016
124 361 188 422 loo
476 350 537 416 DE
559 350 736 420 FlNlBUS
759 346 861 415 Bon.

127 573 223 641 quam
247 548 305 614 ille
330 545 558 625 Caecilianus,
590 551 645 634 qni
667 546 812 611 omnibus
835 547 975 609 laetitiis
999 544 1200 606 laetantem

126 684 163 724 se
187 669 307 722 narrat.
354 654 418 721 Sed
442 654 503 717 hoc
523 656 674 732 interest,
694 654 779 739 quod
801 651 955 737 uoluptas
976 651 1097 714 dicitur
1118 649 1207 712 etia·

127 769 160 830 in
186 767 315 840 animo,
337 761 469 842 (uitiosa
491 782 556 840 res,
580 774 616 823 ut
638 762 741 825 Stoici
767 770 891 845 putant,
916 760 971 843 qui
995 777 1068 820 earn
1094 757 1143 818 sic
1163 753 1207 820 d·

129 870 265 948 liniunt,
310 867 529 932 sublationem
557 868 657 931 animi
688 869 759 928 sine
785 868 932 943 ratione,
977 863 1146 949 opinantis
1181 884 1208 925 ι

130 999 249 1064 magno
275 974 361 1040 bono
391 975 506 1059 frui,)⁴
532 995 597 1037 nou
626 973 743 1035 dicitur
766 971 894 1035 laetitia
923 992 983 1034 nec
1006 970 1161 1057 gaudium

130 1105 277 1170 corpore.
347 1084 400 1144 lt.
424 1080 463 1144 ln
489 1103 529 1144 eo
551 1092 659 1144 autern
685 1078 837 1164 uoluptas
860 1081 1005 1142 omniurn
1027 1076 1147 1139 Latine
1169 1070 1206 1140 l

130 1192 297 1277 quentium
316 1209 405 1250 more
428 1190 571 1273 ponitur,
590 1208 685 1272 quom
703 1187 882 1269 percipitur
905 1209 957 1263 ea,
978 1204 1063 1272 quae
1087 1194 1208 1246 sensu

130 1296 273 1383 aliquem
294 1307 442 1372 moueat,
466 1294 662 1357 iucunditas.
704 1291 799 1354 Hanc
822 1315 951 1379 quoque
972 1290 1208 1356 iucunditater

185 1463 253 1520 quod)
266 1460 342 1518 quob
374 1460 417 1516 sle)
431 1473 474 1506 om.
487 1461 508 1504 Ε
537 1460 715 1517 scomma
730 1459 757 1503 14
783 1456 1072 1516 mouestlpermorseatlu

131 1604 229 1657 antid
249 1601 372 1653 uerlrum
391 1598 437 1651 hie
463 1614 573 1668 qaoque
600 1598 773 1654 aCieerone
795 1597 917 1670 positum
944 1612 1014 1651 esse.
1067 1592 1135 1647 Dico
1151 1607 1205 1660 prs

132 1693 319 1765 pterGaium.

202 1787 251 1860 qui
270 1803 329 1840 eam
347 1785 388 1837 sie
404 1784 550 1850 defiaiunt,
569 1785 760 1855 sublationem)
772 1784 893 1839 Uidetur
909 1781 949 1834 sic
960 1778 1117 1843 abundare,
1133 1790 1205 1846 qne·

133 1881 193 1952 ipso
215 1879 392 1933 aecusatiuor
411 1875 579 1936 subiciatur.
615 1879 673 1932 Nee
694 1886 787 1932 tamen
807 1874 891 1930 nnius
909 1876 971 1929 uri.
991 1872 1167 1932 auctoritate,
1180 1863 1201 1918 is

133 1980 266 2043 quotam
284 1973 375 2024 multa
397 1987 495 2024 errore
514 1970 617 2024 omissa
634 1978 717 2029 suut.
754 1971 851 2023 delere
869 1984 955 2022 aursus
973 1983 1056 2031 rum,
1088 1960 1200 2034 querit·

134 2063 297 2117 detenditur
319 2060 504 2115 similitudine
523 2062 650 2116 eiusdem
672 2064 820 2133 particula
846 2059 988 2113 statuendi
1009 2057 1097 2110 uerbo
1115 2066 1201 2127 propt·

134 2155 202 2218 site,
222 2171 306 2224 quom
325 2159 462 2221 sequatur
480 2152 648 2220 inlinitiuos,
666 2173 718 2227 pro
740 2156 852 2208 Cluent.
872 2155 924 2206 47:
943 2153 984 2204 ric
1000 2151 1109 2213 statuit,
1124 2145 1201 2217 prr&

138 2246 293 2299 Fabricium
310 2274 345 2286 -
364 2245 480 2298 insidias
497 2247 600 2300 Habito
627 2265 796 2316 conparere,
816 2253 845 2300 et
862 2242 1036 2317 pronominis
1054 2243 1106 2295 lroc
1122 2239 1203 2293 roden

135 2339 219 2392 modo
239 2335 407 2390 abundantis
426 2337 455 2391 in
474 2340 555 2391 llerr.
576 2341 665 2406 11,t=
684 2341 735 2392 loe
753 2346 919 2400 statuerunt,
941 2344 992 2390 aut
1010 2335 1092 2388 istius
1111 2331 1207 2386 iniuriat

134 2431 264 2500 persequi
280 2435 329 2481 aut
346 2457 380 2468 -
399 2431 471 2482 sedis
490 2449 555 2484 suus
573 2410 734 2506 relinquere.
772 2434 930 2502 Utrumque
949 2430 1108 2499 exemplum
1119 2420 1209 2495 sumpsi

136 2521 378 2591 aWesenlrergio,
396 2523 558 2580 Obseruatt.
578 2523 642 2579 crit.
659 2526 688 2579 in
708 2531 780 2579 orat.
800 2524 953 2596 presentie
989 2520 1126 2592 (Uiburgi
1142 2516 1209 2583 1887]

136 2635 163 2684 p.
184 2613 227 2668 58.
267 2611 399 2667 Definitio
413 2614 537 2669 Zenonis
557 2624 633 2670 extat
651 2620 726 2688 apud
746 2617 829 2688 Diog.
850 2618 943 2670 Larini.
962 2616 1031 2680 Vll,
1051 2614 1120 2666 lll:
1142 2604 1209 2680 ἡδονή

136 2704 166 2762 δέ
182 2707 254 2762 ἔστιν
271 2700 366 2776 ἄλογος
383 2705 494 2782 ἔπαρσις
512 2705 553 2779 ἐφ’
577 2704 676 2781 ur‘pesqi
700 2705 822 2765 δοκοῦντι
839 2705 983 2779 ὑπάρχειν,
1021 2721 1108 2776 quam
1126 2702 1209 2756 (litat

137 2801 223 2854 Ture.
241 2799 290 2864 lv,
308 2798 455 2852 lauerat:
477 2801 536 2853 siae
554 2803 660 2854 ratione
670 2803 755 2853 uar'rns'
771 2803 925 2866 elationem,
946 2800 995 2853 ulti
1011 2796 1143 2852 Dauisius
1154 2795 1209 2849 slis

137 2893 225 2956 locor,
244 2889 272 2944 in
292 2891 394 2960 quitus
413 2891 488 2945 idem
507 2891 620 2959 dieitur,
640 2894 774 2964 conlegit.

209 3003 258 3036 aec
273 2985 422 3053 goudium)
443 2989 537 3054 Quom
556 2985 757 3051 admonuisset,
777 2987 953 3056 uoluptatem
966 2983 1020 3038 diei
1031 2979 1209 3036 communiter

138 3076 264 3130 letitiam
284 3084 396 3129 tontum
415 3079 450 3129 de
468 3076 579 3144 animo,
599 3079 744 3140 adiunxit,
784 3079 858 3148 quod
878 3078 1004 3131 uicinum
1025 3085 1104 3143 erut,
1141 3072 1210 3146 gand

139 3169 257 3221 candem
277 3186 336 3222 erse
355 3169 515 3233 radonem,-
532 3173 670 3241 gaudiam
691 3177 787 3224 autom
808 3169 878 3221 dixit
895 3170 1134 3240 philosophorum
1150 3183 1209 3223 mer

139 3262 173 3312 sle
190 3260 302 3329 placido
323 3269 351 3313 et
366 3262 505 3315 constanti
525 3264 612 3316 animi
631 3266 705 3317 bono
725 3261 846 3315 fruentis
865 3270 965 3327 motu,
982 3262 1043 3319 uid.
1055 3262 1143 3314 Tuse.
1162 3261 1210 3315 l.s

211 3349 241 3401 la
261 3366 291 3401 eo
310 3358 412 3420 autem)
431 3353 542 3416 Nescio,
562 3374 631 3408 num
652 3356 772 3408 editores
793 3354 1001 3419 intellexerint3
1020 3359 1117 3407 tacent
1136 3350 1210 3407 sain

139 3442 307 3511 interpretes
327 3442 463 3496 Germani
481 3462 536 3499 non
560 3447 781 3512 intellexerunt,
812 3448 861 3518 qui
887 3446 1082 3516 ronirmgunt:
1118 3445 1210 3515 pontu

142 3534 171 3585 s'a
189 3552 230 3596 eo,
250 3552 346 3602 quom,
378 3543 410 3589 ut
430 3537 488 3590 hae
508 3556 572 3592 cum
592 3540 787 3610 superioribus
805 3557 922 3610 prorsus
939 3557 993 3593 non
1014 3539 1210 3593 cohercente

138 3626 218 3697 qrrasi
238 3625 310 3680 nihil
329 3636 395 3682 anta
415 3628 523 3684 dietum
541 3633 587 3698 eit,
608 3652 682 3687 nunc
697 3635 811 3687 demam
830 3632 964 3684 uniuersa
982 3629 1145 3697 delinietur,
1163 3630 1210 3702 qul

66 3746 70 3753 ·
140 3719 177 3773 rit
196 3721 338 3791 uoluptas·
380 3720 433 3775 seo
455 3724 570 3790 Cicero,
590 3744 672 3796 quom
692 3727 728 3778 ad
746 3726 870 3796 priorem
889 3731 1000 3794 partem
1019 3722 1166 3794 generalis
1182 3724 1210 3777 dr

140 3811 273 3865 linitionir
292 3814 431 3879 (letitiam
450 3816 477 3868 ia
496 3818 599 3885 urimo)
629 3818 825 3887 explicandam
844 3818 879 3868 dc
905 3815 1000 3870 animo
1021 3813 1139 3870 dixisset
1156 3814 1210 3871 etl

140 3920 175 3956 eu
192 3906 451 3960 conmemoratione
469 3927 572 3980 eorpus
592 3911 764 3964 nominasset
783 3909 966 3978 (incorpore)
984 3908 1134 3979 adiungit:
1156 3910 1210 3962 iss

140 4002 242 4058 eutem,
260 3995 287 4049 id
309 4005 366 4065 eet,
386 4001 425 4053 de
443 4018 559 4070 corpore
576 4004 851 4072 ponituruoluptos,
878 4017 957 4073 quom
976 3999 1030 4054 dre.
1065 3998 1210 4071 Itaqush'

141 4089 300 4158 explicatur
314 4095 445 4145 coamolio
468 4093 519 4148 illa
538 4097 634 4148 suauis
653 4095 835 4147 iucunditatis
857 4095 885 4146 ia
904 4109 1027 4160 corpore.
1058 4091 1117 4145 Sed
1138 4090 1211 4148 insiti

141 4180 168 4234 in
186 4183 247 4235 solo
269 4181 363 4237 animo
376 4185 542 4252 dicebatur;
561 4187 721 4241 incunditas
741 4187 904 4258 inutraque
923 4185 1141 4258 (Haecqueque
1157 4185 1211 4253 &eq

141 4275 183 4327 Ad
211 4275 414 4346 etymologiam
434 4282 686 4335 commendandam
713 4278 800 4332 Gaius
826 4285 893 4349 apte
919 4284 1058 4348 conparat
1077 4278 1211 4343 facundo

137 4368 295 4431 foecundus
314 4369 499 4440 (iracundus.)
