2706 5018
149 344 307 415 XXVIII
573 344 829 413 PRAEFA'I'IO.

149 545 278 628 origiue
297 556 448 622 seruata,
493 541 550 604 ubi
571 545 674 607 catari
701 542 881 605 deteriores
907 540 1060 603 mendum
1085 551 1117 601 et
1140 541 1240 601 inter·

147 648 507 733 polutionerujrabent,
532 647 624 711 uelut
649 652 682 711 iu
706 645 792 711 libro
817 644 869 722 II,
917 647 958 707 1²
980 650 1063 722 (nou
1086 646 1238 708 uidentur

148 754 286 820 haberat
306 755 366 819 ted
375 753 475 832 forle
498 755 646 832 diemo),
668 756 710 816 18
731 753 849 819 docere
873 757 960 834 uolt,
1000 755 1044 816 99
1063 773 1101 814 re
1124 772 1238 835 aeque,

145 865 189 926 98
211 864 299 940 ulla,
343 862 387 924 99
408 861 677 947 (iuterpolationa
700 867 845 943 carent),
874 864 914 924 91
938 860 997 924 udi
1018 868 1074 938 ut,
1096 860 1139 922 72
1162 855 1241 920 milri

146 991 205 1054 pro
226 968 335 1046 modo,
355 970 398 1031 79
420 973 451 1031 rr·
465 967 593 1052 pudor,
620 970 663 1032 79
686 989 778 1052 quoru
804 967 935 1044 dicetis,
954 969 998 1031 77
1019 964 1099 1029 ur'de
1122 969 1237 1048 r'gr’tur,

144 1079 188 1139 99
210 1081 470 1159 odoranturque,
513 1071 573 1137 111
593 1074 734 1158 pecudis
759 1085 793 1135 et
822 1072 962 1135 fortasse
985 1093 1050 1135 uno
1076 1081 1110 1134 et
1132 1068 1236 1133 altero

146 1180 219 1245 Ioco
238 1192 410 1267 praterea.
487 1179 655 1243 Interdum
684 1186 881 1243 tanturn'ex
906 1199 972 1240 uuo
997 1198 1112 1240 aarum
1147 1190 1236 1239 nota-

146 1300 218 1365 tur,
238 1298 275 1349 ut
298 1284 334 1364 I,
364 1289 406 1349 19
428 1306 473 1349 ax
495 1285 523 1348 E
543 1293 826 1371 quantumcunque
841 1304 993 1369 possum,
1016 1282 1069 1363 II,
1089 1286 1133 1347 99
1155 1287 1236 1357 exe

143 1398 334 1456 existumas.

232 1495 285 1562 Da
310 1495 463 1562 Gudiano
489 1495 667 1561 adirfieile
690 1509 721 1560 st
744 1497 875 1573 dicere,
919 1498 1004 1583 quod
1030 1496 1234 1561 Goerenzius

141 1626 216 1669 raro
239 1627 313 1668 euru
336 1605 489 1669 distIncta
512 1616 734 1668 conmemorat
759 1626 797 1668 aa
825 1605 896 1668 fera
927 1617 1053 1667 tautum
1081 1603 1140 1666 ubi
1169 1605 1234 1665 ain-

141 1711 274 1798 gularia
298 1711 416 1776 ruenda
441 1709 560 1790 habat,
609 1709 690 1775 alibi
721 1724 831 1775 autam
862 1733 927 1775 aon
960 1733 1033 1776 raro
1067 1713 1126 1774 tris
1156 1730 1233 1773 suos

141 1820 287 1907 potiores
318 1820 373 1883 uel
414 1831 565 1905 optumos
597 1818 726 1882 codices
757 1815 920 1902 appellat,
966 1830 1001 1881 ut
1025 1815 1075 1896 II,
1117 1818 1162 1879 97
1183 1817 1231 1893 (in

140 1928 320 1989 orrrissiona
343 1923 519 1990 uerborum
542 1924 663 1988 derdere
685 1931 815 1988 tertium
837 1933 891 1987 sut
913 1932 979 2003 ert,
1017 1925 1052 1986 iu
1077 1944 1142 2008 quo
1165 1944 1233 1985 cer·

140 2043 208 2093 turu
237 2043 268 2094 st
297 2031 453 2095 Indicium
484 2030 630 2094 melioris
660 2032 833 2115 originis),
877 2052 937 2093 nec
960 2042 1069 2094 taurea
1094 2051 1231 2115 usquam

139 2136 239 2210 dicit,
284 2158 379 2222 quem
405 2138 537 2201 tertium
560 2136 718 2222 adiungat
751 2135 950 2221 Erlangensi
972 2150 1005 2200 et
1027 2137 1188 2222 Spirensi.
1202 2138 1233 2211 ¹)

139 2243 206 2308 Sed
231 2255 341 2306 tamea
364 2241 489 2328 aIIquid
515 2242 601 2306 hunc
623 2226 780 2321 codicem,
806 2245 862 2328 qui
886 2244 974 2307 idaru
993 2240 1103 2306 Bromi
1130 2239 1233 2304 GuaI·

137 2347 328 2432 Iarbytauus
346 2359 415 2426 ast,
449 2370 467 2410 a
491 2347 629 2411 meliora
651 2345 779 2412 familia
805 2348 981 2428 habuIssa'‚
1017 2361 1107 2434 patet
1131 2347 1231 2433 pluri·

137 2452 198 2518 bus
227 2453 328 2532 Iocis,
378 2475 534 2518 maxume
565 2455 650 2540 quod
672 2454 707 2532 1,
751 2457 794 2520 8⁰
824 2453 928 2519 uerba
950 2458 985 2518 in
1009 2435 1228 2518 deterioribus

135 2583 248 2625 errore
281 2574 354 2624 orta
381 2561 416 2623 iu
447 2557 511 2624 hoa
540 2573 573 2624 et
595 2559 666 2624 Erl.
701 2572 799 2647 atque
825 2563 975 2648 Spirensi
996 2561 1114 2625 desunt
1151 2559 1227 2642 (etsi

136 2667 341 2731 Goerenzius
381 2669 579 2730 eontrarium
607 2668 720 2749 dicit),
765 2667 824 2730 sed
861 2670 960 2732 etiarn
991 2665 1026 2743 1,
1072 2666 1228 2751 4(qrcod

134 2779 183 2850 si,
226 2773 259 2836 id
284 2784 334 2835 est
355 2771 443 2856 quod
462 2772 535 2856 se),
579 2775 622 2836 29
646 2774 841 2852 (extremum
866 2777 1086 2854 etulturuum)
1110 2770 1160 2850 II,
1206 2773 1228 2834 7

134 2881 260 2965 (pum,
283 2883 305 2944 9
329 2880 648 2964 (restincturum),
671 2881 713 2942 12
742 2877 890 2958 (futurus
919 2885 965 2943 sit
988 2875 1226 2963 philosophus),

133 2997 232 3072 atqua
252 2987 351 3049 etiam
375 2987 410 3049 iu
441 2987 588 3066 mandis,
615 2998 652 3049 ut
675 2985 708 3064 I,
744 2989 785 3050 91
808 2987 881 3065 (ιἸΙι·
900 2992 1025 3069 negant
1046 2989 1131 3046 enim
1153 3005 1226 3046 curu

132 3091 238 3172 Etr),
283 3094 328 3152 99
356 3092 581 3171 (coufirmetur
612 3115 685 3156 curu
708 3092 852 3165 eodem).
920 3089 1043 3156 Uerum
1067 3112 1142 3153 auru
1167 3092 1226 3152 uix

132 3196 236 3261 multo
260 3195 432 3260 meliorem
464 3197 567 3260 fuIssa
599 3218 696 3282 quam
728 3197 791 3275 Eg,
838 3197 971 3282 adparet
1003 3209 1036 3260 et
1060 3194 1225 3265 Goereuzi

132 3303 330 3365 tastiruouiis
356 3299 411 3387 (da
436 3297 691 3387 Interpolatioua
711 3305 744 3365 iu
763 3301 797 3382 I,
820 3305 880 3381 29,
903 3305 967 3383 dd,
987 3305 1049 3382 59,
1086 3302 1148 3382 Ἡ,
1173 3308 1224 3382 12,

129 3410 172 3470 44
194 3403 286 3491 cett.)
311 3420 344 3471 et
368 3406 480 3473 Bromi
502 3408 565 3492 (II,
583 3412 624 3472 41
648 3409 825 3494 gaudendo
848 3445 891 3458 -
912 3430 977 3473 nou
999 3410 1159 3487 dolendo,
1183 3411 1225 3473 45

128 3520 293 3592 socrerati,
314 3516 358 3578 58
375 3516 555 3599 intellegis,
574 3522 678 3594 cett.)
725 3516 822 3594 Quod
834 3516 1038 3581 Goerenzius
1061 3520 1224 3585 interdura

130 3621 182 3706 (ut
204 3619 256 3700 11,
293 3622 348 3703 77)
381 3642 426 3684 ax
456 3621 518 3686 hoa
544 3620 618 3686 solo
648 3623 847 3688 deteriorum
871 3625 1065 3708 scripturam
1089 3627 1225 3706 profert,

128 3730 222 3814 quasi
245 3725 331 3790 Gud.
355 3730 372 3790 1
401 3739 434 3791 et
455 3725 531 3793 Bas.
556 3752 629 3794 curu
653 3729 846 3794 meIIoribus
870 3730 1012 3807 faciant,
1058 3731 1224 3795 confusio-

127 3855 201 3898 nem
224 3845 314 3919 puto.
386 3833 511 3903 Rursus
535 3834 620 3900 Gud.
642 3840 664 3900 2
686 3836 874 3923 appallat‚'
903 3834 959 3898 ubi
981 3833 1222 3922 Erlaugensenr

126 3952 183 4004 aut
203 3939 311 4003 solum
337 3951 394 4004 aut
417 3939 517 4006 situul
540 3941 701 4023 debebat,
725 3958 761 4007 ut
785 3942 841 4020 V,
862 3941 885 4005 5
909 3942 926 4021 (
929 3942 1080 4023 Pericle).
1156 3945 1221 4008 Sed

149 4189 176 4255 ¹)
195 4184 287 4238 Uidea
326 4200 404 4247 assu,
441 4187 490 4257 qui
527 4187 644 4240 tertium
671 4187 779 4241 saciant
803 4186 909 4240 Gudl
938 4193 989 4239 aut
1015 4187 1216 4242 Basiloousrru.

191 4278 327 4332 Fortasse
345 4293 381 4328 ua
399 4277 521 4332 eamdem
539 4278 655 4352 «pridem
674 4297 785 4353 semper·
803 4278 954 4348 siguificat.
991 4279 1054 4349 Ego
1078 4282 1217 4335 tamenin

192 4367 403 4427 commentariis
424 4369 571 4426 Interdum
588 4372 736 4428 nomisraui
754 4376 853 4446 aperta
872 4368 944 4425 eud.
963 4375 989 4423 2.
