2706 5018
322 371 383 439 ΕΤ
405 372 516 439 ΜΑΙ..
538 372 622 439 LIB.
644 373 704 438 111.
997 377 1062 441 mn

108 567 138 632 nt
166 566 261 633 beate
292 573 451 633 mirereuc
479 554 656 634 uiuendum
686 567 773 633 atim
801 574 973 654 quicquum
994 590 1062 632 uu·

109 683 210 738 roetcr
233 671 398 738 honestam
421 683 456 739 et
476 685 590 761 turpe,
620 685 729 740 tamen
751 681 839 739 inter
862 683 988 739 ceterae
1009 695 1062 738 rec

118 786 275 860 interest,
298 789 336 844 ut
355 782 427 845 alia
449 787 516 846 nint
532 780 762 860 attumabilia,
785 782 856 847 alia
877 788 1062 846 inattuma·

108 887 154 950 lia
177 894 338 966 nentrum,
362 888 489 950 atalia
512 890 714 975 προηγμένα
735 891 966 972 (proepurita),
990 888 1061 951 aliu

108 992 238 1080 ηγμένα
249 995 390 1075 (reiecta
391 995 428 1076 ),·
443 992 599 1061 tenuetur
611 1004 715 1059 antem
731 994 962 1081 προηγμένον,
977 991 1064 1078 quad

108 1099 237 1178 fferenr
268 1120 338 1163 curn
367 1107 595 1166 autumatione
624 1101 785 1165 mediocri
807 1101 852 1180 (c.
873 1100 916 1163 15
938 1107 971 1163 et
992 1100 1063 1182 16).

109 1211 141 1268 ic
162 1205 378 1286 diuiduntur,
422 1216 459 1271 ut
480 1209 551 1270 alia
575 1213 644 1271 rint
663 1199 799 1282 τελικά,
843 1205 882 1268 ra
903 1213 972 1284 ert,
1018 1204 1064 1283 ad

107 1317 305 1391 ertiaentia,
327 1312 399 1375 alia
419 1305 582 1399 ποιητικά
589 1360 603 1391 ,
638 1314 676 1379 id
696 1322 764 1392 ert,
788 1312 997 1390 ecficientia,
1030 1317 1062 1373 ct

108 1438 134 1480 n
149 1426 257 1481 autem
276 1426 310 1481 ct
329 1417 484 1496 ecficicnt
505 1427 671 1505 rapientia
686 1428 736 1494 rt,·
760 1438 832 1505 qua
854 1426 961 1483 autent
978 1437 1063 1501 pra-

108 1523 278 1602 dicuntur,
302 1531 425 1608 partim
444 1546 507 1609 per
526 1546 562 1589 re
587 1532 661 1609 ipra
676 1531 856 1610 proeporita
878 1532 965 1603 nunt,
980 1543 1062 1608 par-

108 1629 149 1691 ad
171 1630 302 1716 aliquid
324 1630 492 1710 ecficiunt,
510 1638 636 1717 partin
657 1640 845 1716 utrumquc3
870 1629 981 1694 horum
1004 1648 1064 1713 ge·

108 1742 138 1798 tn
158 1744 234 1800 utra
258 1735 453 1813 bonafama
469 1738 626 1823 ponenda
646 1744 701 1816 rit,
725 1736 835 1800 Stoici
855 1736 1063 1799 dirrentiunt.

119 1844 188 1924 17).
238 1840 403 1923 Officium,
433 1844 494 1908 troc
518 1852 585 1922 ert,
615 1844 703 1931 quad
722 1842 918 1919 itafuctum
943 1848 992 1916 tt,
1026 1845 1063 1901 ut

108 1953 151 2010 cti
162 1946 349 2031 probabilia
370 1957 458 2014 ratio
482 1950 581 2014 reddi
593 1954 715 2034 parcit,
752 1952 870 2011 necin
893 1944 985 2009 bunia
1001 1963 1064 2027 pu·

109 2073 146 2116 ec
174 2060 211 2118 in
238 2057 352 2131 malie,
393 2058 432 2121 id
458 2065 611 2120 recreatur
633 2061 670 2120 in
696 2075 824 2132 carum,
864 2072 934 2137 qua
954 2049 1063 2114 media

108 2159 154 2223 'iit
177 2162 352 2240 sumendis,
377 2164 456 2226 aliie
479 2164 658 2226 reiciendis
682 2162 726 2240 (c.
748 2163 800 2240 17,
823 2161 893 2242 18).
941 2159 1062 2242 Itaque

108 2265 156 2328 liic
175 2272 275 2330 etiam
301 2287 456 2333 caecetur
478 2274 587 2333 euita
608 2278 643 2332 ct
661 2273 696 2333 in
718 2272 789 2330 uita
810 2270 935 2328 mancia
957 2263 1064 2327 made·

108 2379 153 2449 rt,
201 2380 240 2435 ut
266 2374 427 2437 interdum
457 2381 603 2458 cupienti
622 2395 641 2437 e
661 2378 734 2437 uita
756 2370 986 2435 discedendum
1008 2375 1064 2447 cit,

108 2481 126 2539 t
150 2475 382 2556 beutisrumur,
407 2482 506 2544 stulta
532 2481 744 2557 manendum,
767 2482 915 2564 quamuis
938 2481 985 2538 rit
1005 2480 1064 2537 nti-

108 2583 239 2645 cmmoda
259 2585 411 2667 pluribus
433 2585 641 2648 naturalibus
654 2584 800 2663 fruatur
822 2584 865 2662 (c.
889 2584 956 2664 18).
1002 2579 1063 2643 Iu·-

108 2682 301 2772 narentibue
325 2699 447 2753 natura
471 2701 645 2765 arnuntnr3
692 2699 791 2774 atquc
813 2688 891 2751 ltinc
907 2684 1065 2771 profectu

108 2813 135 2857 tc
155 2815 336 2878 progressa
365 2802 506 2859 societur
543 2801 646 2859 arnrn‘c
670 2792 814 2857 nominer
838 2793 1064 2876 conplectitur.

108 2920 120 2962 t
145 2907 245 2985 quati
267 2910 441 2967 communis
463 2902 539 2967 urbe
561 2911 595 2965 et
616 2905 736 2963 ciuitas
758 2899 890 2962 dearum
912 2906 947 2961 et
965 2895 1064 2960 homi·

108 3050 119 3083 ,
148 3012 356 3092 cuiusquam
378 3016 599 3097 uruirrqnirque
620 3016 763 3071 nastrum
781 3010 949 3090 pararit,
982 3023 1064 3066 com·

108 3113 239 3177 utilitas
266 3122 383 3178 trustra
410 3115 639 3199 anteponenda
668 3122 700 3176 tt
728 3112 771 3190 (c.
796 3114 862 3194 19).
929 3106 1066 3173 Natura

108 3216 175 3280 lem
208 3228 467 3285 communitatem
496 3226 666 3284 coniuncti
693 3229 726 3282 et
744 3222 928 3281 consociati
947 3234 1065 3292 eumue,

110 3324 126 3386 i
152 3330 204 3387 itu
225 3334 329 3406 estet,
372 3348 433 3391 nec
454 3333 588 3390 institia
610 3347 669 3390 nec
689 3323 834 3388 bonitati
856 3326 947 3397 locut
971 3329 1065 3384 erret.

109 3440 343 3495 narentanenm
373 3443 422 3510 rt,
469 3443 507 3496 ut
535 3438 633 3496 ctiam
660 3437 791 3515 capiens
818 3429 1066 3515 rempublicam

108 3543 190 3600 rtret.
260 3538 320 3601 Aa
346 3535 432 3601 tunc
459 3537 620 3602 hominurn
651 3543 839 3601 sacietatem
868 3556 1066 3602 conseruan-

108 3647 224 3706 rrtinet
252 3644 421 3728 intellegi,
468 3645 681 3711 emolumenta
710 3643 872 3709 hominnm
902 3651 942 3720 et,
966 3642 1067 3705 detri-

108 3754 291 3812 communia
324 3769 394 3812 mc
426 3758 459 3813 et
479 3756 598 3835 parium
646 3750 811 3815 cammada
835 3757 942 3812 autem
966 3755 1000 3810 et
1016 3751 1067 3809 in·

108 3854 137 3918 la
159 3859 342 3918 communia
363 3874 429 3918 nan
450 3864 528 3919 tunt
548 3856 593 3935 (c.
614 3858 667 3935 20,
692 3858 760 3940 21).
804 3856 980 3932 Amicitia,
1002 3857 1069 3914 tum

132 3968 313 4047 ceteraque
335 3966 476 4026 uirtutes
494 3983 557 4047 per
578 3983 631 4041 ce,
680 3982 744 4025 non
768 3962 928 4025 utilitatis
950 3979 1069 4023 cantra

108 4074 185 4133 aar.
255 4069 351 4135 Inter
383 4074 524 4133 uirtutes
554 4076 662 4134 autem
691 4073 790 4133 etiam
820 4066 999 4131 dialectica
1035 4073 1070 4128 et

129 4181 324 4239 numeratur
344 4175 393 4253 (c.
412 4178 474 4255 21,
496 4176 569 4259 22).
619 4175 684 4240 Hic
706 4179 869 4259 enpuritir
894 4172 975 4236 Cata
989 4192 1068 4256 per·

113 4286 298 4365 rapientir,
341 4283 451 4367 qualia
478 4302 501 4345 a
530 4280 655 4346 Stoicis
684 4279 900 4359 describitur,
943 4298 1070 4361 reaper

108 4390 274 4467 =ortunati,
293 4387 422 4467 tintus,
444 4392 534 4473 regin
556 4389 686 4455 inducit
706 4398 739 4453 et
763 4395 908 4453 exornat
931 4386 980 4470 (c.
1000 4386 1069 4465 22).
