2730 5016
221 349 284 410 72⁰
576 339 636 404 DE
659 336 837 405 FlNlBUS
860 335 965 403 Bou.

223 538 380 601 Animum
411 545 521 597 antem
553 532 686 597 relionis
717 533 815 597 rebus
845 536 894 597 ita
922 533 1089 619 perfecit,
1135 547 1172 595 nt
1193 555 1312 619 eorpus3

224 640 375 706 sensibus
399 643 485 703 enirn
509 642 639 703 ornauit
661 641 701 704 ad
724 663 777 704 res
802 640 1034 727 percipiendas
1056 639 1202 717 idoneis,
1222 654 1257 702 ut
1274 641 1313 702 ni·

224 748 274 811 hil
306 761 362 810 aut
394 768 459 809 nou
493 746 631 810 multum
663 747 852 809 adiumento
875 745 946 809 ullo
970 747 1014 810 ad
1035 769 1134 810 suurn
1158 743 1313 810 confirma·

225 857 347 917 tionem
377 853 560 939 indigeret3
607 853 693 936 quod
724 854 887 916 antemio
913 852 1049 916 homine
1073 854 1316 937 praestantissu-

227 982 314 1023 mnru
339 972 436 1043 atque
459 973 628 1043 optumum
652 973 700 1038 st,
745 960 778 1022 id
800 960 956 1023 deseruit.
1018 958 1096 1022 Etsi
1119 959 1211 1023 dedit
1231 958 1315 1022 talen

225 1079 380 1144 mentem,
403 1086 485 1149 quae
509 1085 636 1126 ornnem
660 1067 814 1127 uirtutem
836 1065 986 1150 accipere
1010 1078 1141 1149 posset,
1166 1067 1316 1149 ingenuit·

226 1194 289 1256 qne
320 1173 392 1233 sine
422 1170 568 1232 doctrina
597 1173 731 1234 notitias
763 1192 882 1256 paruas
903 1193 1014 1234 rerum
1040 1182 1315 1235 maxumaramet

281 1352 487 1404 confirmationem)
504 1354 724 1406 conformationem
738 1352 776 1407 (P)
803 1351 920 1409 accipere)
934 1355 984 1396 ianr
1000 1366 1059 1397 aee·
1078 1352 1144 1398 nea

229 1510 302 1579 quod
322 1509 409 1561 homo
431 1508 490 1576 ipae
508 1525 560 1562 rua
578 1524 665 1579 opera
685 1513 713 1560 et
730 1512 792 1560 arte
810 1506 928 1559 adderet
939 1505 975 1559 ad
994 1504 1033 1570 id,
1053 1507 1135 1576 quod
1148 1509 1253 1561 natura
1264 1523 1316 1579 per·

233 1600 365 1663 ietiraet3
386 1601 460 1669 quod
480 1609 579 1654 eontra
598 1605 624 1653 et
641 1599 669 1653 in
689 1600 793 1653 animo.

299 1692 336 1743 nd
355 1709 432 1743 raum
451 1695 697 1757 confirmationem)
718 1693 758 1744 Ad
777 1691 806 1743 id
826 1691 1053 1744 continuandum
1074 1698 1104 1744 et
1116 1693 1316 1761 perficiendae,

231 1785 303 1853 qnod
323 1784 366 1850 (iu
388 1785 443 1836 huo
460 1792 558 1853 purte,
586 1804 646 1854 qna
664 1785 792 1838 rensibus
809 1783 983 1849 continetur)
1003 1799 1021 1835 a
1041 1791 1152 1837 natura
1171 1784 1318 1857 arerpirret.

228 1877 322 1929 Minue
342 1876 494 1946 diligenter
516 1874 615 1929 Cicero
634 1894 676 1940 en,
698 1894 758 1947 que
776 1894 827 1946 pro
849 1875 1013 1946 parenthesi
1031 1876 1142 1937 addidi,
1164 1877 1275 1938 omieit,
1291 1892 1316 1927 er

232 1984 287 2037 qno
308 1968 356 2032 tit,
392 1975 422 2020 ut
442 1970 504 2036 plur
523 1971 557 2020 de
577 1970 672 2022 animo
700 1967 753 2020 diei
782 1969 912 2020 uideatur
939 1984 1023 2035 quarn
1043 1985 1117 2020 uere
1144 1968 1203 2020 diei
1231 1967 1319 2038 ponite

232 2076 298 2111 nam
322 2059 350 2111 in
379 2060 471 2112 altera
498 2068 578 2129 purte
604 2078 669 2113 eum
698 2063 819 2113 multum
844 2061 1009 2113 adiumento
1034 2059 1173 2129 indigere
1200 2058 1258 2130 ipre
1281 2059 1319 2111 rit

233 2152 378 2219 (Bremiua
396 2153 564 2219 indigerent,
581 2153 660 2206 cuiae
678 2153 847 2206 coniectura
865 2168 994 2205 canaram
1015 2169 1051 2203 ne
1072 2152 1206 2206 Orelliur
1223 2153 1320 2222 quite·

233 2243 392 2312 perspexit3
432 2244 479 2293 aed
501 2245 535 2294 de
561 2243 649 2297 animi
672 2242 830 2315 indigentia
848 2245 1081 2298 adiumentorunr
1101 2252 1164 2297 tota
1184 2243 1320 2314 diapntatit

233 2338 281 2396 et.)
340 2335 579 2400 Confirmationem
611 2346 688 2390 reete
706 2335 830 2391 Orelline
856 2336 981 2389 reatitnit
1010 2353 1041 2386 ex
1072 2334 1247 2390 editionibus
1267 2343 1320 2388 arte

235 2427 414 2490 Munatium,
450 2427 548 2480 debuit
563 2431 668 2481 addere
688 2428 879 2482 tertinroniunr
900 2428 1028 2479 codicum
1048 2427 1121 2481 on.
1140 2428 1252 2493 Edem
1266 2446 1319 2480 eor-

231 2520 442 2584 formationem,
479 2523 552 2589 quod
572 2521 599 2573 iu
626 2522 669 2573 ed.
695 2537 721 2573 a.
748 2520 817 2572 ltao
835 2538 894 2572 erae
921 2519 1042 2583 dieitur,
1082 2521 1218 2590 quodque
1235 2520 1319 2573 iudea

236 2614 366 2664 utnnnuo
389 2631 484 2665 ornnes
505 2622 665 2676 tenuerant,
684 2612 712 2664 in
732 2613 811 2665 nullo
834 2621 881 2664 orit
904 2609 1091 2681 paucissumis
1111 2613 1255 2666 codicibus
1271 2616 1318 2675 niz

238 2703 360 2757 turmam
382 2712 483 2758 natura
502 2706 637 2768 dederat3
657 2703 819 2757 continuari
841 2720 874 2756 ea
893 2713 992 2772 purten
1013 2704 1151 2756 debebat.

306 2814 409 2847 omnem
434 2798 564 2850 uirtutem
584 2799 720 2865 occipere)
743 2796 810 2860 iarn,
828 2797 901 2866 qtrod
918 2796 1169 2864 interponebatur,
1188 2798 1320 2850 Eraertin

237 2889 361 2953 ruatulit,
382 2905 483 2958 parent
502 2889 570 2946 Par.
589 2889 605 2940 l
625 2887 720 2942 bardai
739 2891 849 2954 (nostro
868 2889 924 2954 P);
952 2888 1096 2941 adcednnt
1118 2896 1252 2957 quattuor
1269 2883 1319 2946 oxi,

238 2979 264 3032 id
285 2988 345 3043 eet,
368 2986 399 3032 ut
420 2998 451 3032 ex
475 2982 533 3032 Erl.
553 2981 688 3047 adparet,
709 2984 841 3034 meliores
860 2988 888 3033 et
905 2981 1082 3033 deteriorum
1104 2999 1191 3050 ρους
1214 2999 1261 3034 nee
1276 2981 1319 3030 in

237 3073 285 3123 hie
308 3081 374 3141 apte
393 3072 524 3140 intellegi
552 3080 644 3140 potent
669 3091 703 3125 eo
730 3075 830 3137 ruodo,
879 3090 933 3143 qno
953 3072 1057 3123 dieitur
1076 3075 1113 3126 de
1133 3074 1222 3125 rebar
1240 3071 1319 3143 paullo

239 3172 300 3232 poet
318 3165 430 3217 lutaris.
474 3164 617 3217 Proxuma
633 3165 743 3219 Pisonis
761 3167 850 3217 uerba
871 3165 1010 3232 (ingenuit
1028 3165 1147 3216 notitior
1162 3181 1267 3234 parant
1283 3178 1318 3213 rr-

236 3274 297 3308 rnm
322 3257 524 3319 mercenorum)
543 3255 681 3309 eiusmodi
712 3264 792 3321 aunt,
828 3261 860 3309 nt
884 3257 995 3308 innatas
1024 3261 1053 3307 et
1080 3256 1184 3310 inuitus
1209 3255 1318 3310 notione·

235 3346 345 3400 homiui
360 3357 459 3416 aperte
477 3348 595 3411 tribuat,
613 3349 686 3416 qarod
709 3348 782 3400 idern
801 3347 869 3400 sarit
890 3347 988 3400 Cicero
1007 3348 1069 3418 ipae
1089 3348 1253 3403 Stoicorum
1267 3362 1318 3401 m·

237 3441 339 3491 tentiae
365 3457 506 3508 exponens
532 3442 543 3491 l
570 3443 604 3492 da
635 3443 721 3510 begg.
742 3440 792 3493 26:
831 3445 933 3491 nutura
953 3455 1046 3489 rerum
1063 3438 1259 3505 plurumum
1281 3437 1318 3490 el·

237 3547 336 3582 reurar
360 3547 410 3582 nec
438 3531 508 3582 retia
544 3533 660 3599 [clarae]
688 3533 892 3600 intellegentias
917 3530 1060 3582 ineboauit
1087 3533 1158 3598 (eir.
1195 3532 1250 3585 ibd.
1279 3526 1318 3581 2²2

126 3652 132 3658 -
234 3622 327 3688 prima
346 3628 372 3672 et
391 3623 521 3673 inchoato
540 3624 749 3692 intellegentia,
787 3629 816 3676 et
843 3623 895 3676 aaz
931 3623 1059 3697 pilonium
1085 3625 1319 3693 principiorem

238 3713 355 3764 omniurn
367 3714 448 3786 quari
465 3715 645 3768 udrrmbrataa
664 3715 869 3782 intellegentiae
887 3716 976 3766 animo
995 3733 1029 3767 ac
1046 3724 1139 3769 ruente
1156 3710 1318 3785 ennoepvlib

237 3821 408 3876 quamquam
431 3808 528 3860 eodern
558 3810 620 3860 loco
641 3807 737 3875 (5302
774 3823 886 3881 quanm
904 3808 932 3857 r'n
950 3808 1050 3859 unirnir
1072 3809 1320 3877 inprimatur

236 3896 371 3949 inclinate
388 3899 597 3968 intellegentie)
618 3899 731 3967 propina
751 3899 862 3951 adrodit
881 3900 916 3951 ad
937 3899 1027 3968 ipram
1046 3900 1216 3956 Stoirornur
1233 3895 1319 3955 aonii·

237 4002 319 4049 nam,
361 3988 408 4057 qui
437 3991 465 4042 in
485 3996 580 4044 animo
606 3993 710 4066 tabule
735 4008 811 4060 pura
834 3989 921 4042 aimili
941 3991 1032 4044 omnia
1051 3992 1186 4047 notione·
1204 3993 1319 4048 uirieer·

235 4076 371 4129 trinaecne
393 4080 496 4135 oblatis
523 4081 636 4151 inprimi
653 4082 825 4136 statuebant.
889 4084 1097 4151 Utroqueloeo
1116 4084 1220 4139 cicero
1236 4081 1319 4138 datit-

235 4168 321 4220 chum
355 4177 468 4225 reantur
494 4173 621 4240 uidetur,
658 4174 815 4228 Antiochus
841 4181 936 4228 antem
956 4172 1116 4228 Platonicae
1142 4177 1272 4233 doctrin·
1290 4174 1318 4226 d·

236 4259 306 4313 idei·
326 4257 504 4331 etdndpnnar
524 4267 655 4333 (Tuarul.
675 4268 704 4332 1,
741 4266 791 4329 57)
817 4267 974 4336 particular
998 4286 1064 4321 curu
1093 4267 1192 4324 Stoice
1209 4265 1319 4325 Μή..

237 4353 419 4408 eonuruxirre.
