2706 5018
230 282 295 345 rm
515 227 518 230 ⁴
585 277 647 342 on
669 270 847 343 numus
869 272 974 343 nou.

232 475 323 540 bium
346 487 395 554 at,
426 457 505 561 quin
531 474 564 536 in
592 473 654 552 iis,
678 492 762 557 quae
784 473 893 536 media
915 472 1075 552 didimus,
1095 472 1140 535 ait
1165 464 1223 536 nlir·

235 580 408 658 mendum,
433 579 522 644 aliud
548 580 770 658 reiciendum,
809 579 964 666 quidquid
988 582 1036 643 ita
1059 577 1098 643 fit
1122 591 1179 643 uut
1200 577 1219 641 d

234 711 330 754 omne
354 685 467 752 officio
491 690 689 751 continetur.
751 685 804 750 Ex
831 708 895 772 quo
920 685 1152 773 intellegitur,
1176 707 1223 771 qut

234 816 270 859 ae
294 797 359 881 ipsi
391 815 505 858 omnes
528 806 644 857 nutura
668 792 829 878 diligant,
878 805 945 856 tam
980 794 1192 878 insipientem

288 1003 327 1057 tta)
341 1003 483 1049 tinnitor.
518 1004 595 1056 omne)
610 1002 676 1045 omni
690 1012 779 1055 omnen,
797 1001 920 1044 communi
934 1002 977 1045 tir.
1007 999 1064 1058 ipat)
1079 1001 1145 1057 ἐμοι
1160 998 1223 1045 utut

235 1079 317 1136 ligent)
329 1080 441 1140 diligunt
457 1078 476 1123 C

306 1286 382 1321 omne
409 1267 505 1336 officio
535 1266 703 1332 continetur)
737 1262 770 1318 ln
790 1280 959 1337 unaquaque
985 1265 1039 1321 tali
1060 1265 1172 1318 ustione
1197 1265 1223 1317 et

235 1360 309 1429 quod
326 1359 475 1433 querimus
497 1365 525 1412 et
544 1375 604 1412 oeae
617 1359 853 1424 demonstramus,
873 1348 1011 1412 osticium.
1046 1357 1133 1411 Codd.
1154 1357 1222 1409 omni

236 1456 331 1506 ortum
352 1470 412 1506 eoae
432 1469 465 1503 ex
494 1452 673 1505 errlratuutiuo
692 1449 820 1521 aequanti
842 1450 962 1522 adparet
987 1452 1074 1516 (Pell.
1095 1449 1223 1502 domittit

236 1546 300 1599 Pul.
314 1544 332 1598 8
348 1563 400 1614 pro
417 1561 450 1598 eo
469 1544 558 1596 habet
575 1544 613 1609 in,
631 1544 705 1597 Mor.
725 1545 865 1613 omnium).
900 1550 932 1597 Iu
949 1559 1049 1596 uerum
1069 1543 1169 1596 inuidit
1186 1543 1223 1595 Gr

237 1637 332 1691 Ceteri
351 1645 445 1692 tamen
474 1638 676 1707 praetulerunt,
713 1636 789 1707 quod
817 1636 963 1690 Manutius
992 1636 1102 1705 primun
1131 1653 1184 1688 non
1212 1635 1223 1685 t

237 1730 336 1792 edidit,
356 1731 491 1783 commeani
507 1730 611 1796 officio.
647 1728 786 1795 Primum,
805 1727 833 1781 in
852 1746 907 1798 quo
926 1745 1023 1782 omnen
1042 1725 1129 1781 etiam
1145 1728 1223 1782 libror

237 1823 338 1877 ultieiie
357 1830 537 1877 enarratores
558 1824 666 1886 errent,
684 1839 822 1874 commune
840 1822 966 1888 officium
984 1837 1140 1890 numquam
1159 1820 1187 1874 in
1204 1839 1223 1874 et

237 1917 324 1969 medio
346 1917 452 1969 dictum
471 1923 496 1968 at
514 1921 658 1985 tamquam
678 1914 824 1985 proprium
836 1932 948 1979 numen,
970 1931 1026 1984 quo
1045 1914 1130 1967 modo
1149 1910 1194 1965 hic
1214 1932 1223 1982 q

236 2017 296 2069 tur,
317 2025 407 2077 neque
427 2007 524 2060 (leuca
544 2004 638 2062 κοινδν
657 2000 781 2077 καθῆκον
800 2022 934 2078 umquam
956 2002 1083 2058 auditum
1103 2009 1139 2058 et.
1177 2005 1206 2057 ln

238 2101 273 2152 de
288 2100 343 2154 ou.
360 2098 378 2152 8
396 2099 424 2152 iu
443 2098 582 2153 diuisione
594 2100 693 2154 Cicero
713 2098 791 2170 ponit
808 2100 934 2164 medium,
954 2116 1008 2151 non
1027 2115 1177 2159 commane,
1195 2113 1223 2150 ae

237 2190 448 2257 antudinam,
486 2191 649 2244 huiuamodi
675 2191 772 2245 ottlriu
799 2192 835 2245 ad
861 2189 1068 2244 institutionem
1093 2190 1161 2243 ultre
1179 2206 1223 2242 eon

238 2288 366 2353 spectaro
388 2290 416 2337 et
434 2284 469 2335 de
489 2284 522 2336 iia
540 2302 571 2337 ae
589 2290 719 2337 acturum
739 2286 796 2351 (7),
817 2302 868 2356 pro
887 2283 1009 2354 propria
1021 2282 1215 2354 appellatione

236 2375 292 2429 tult
315 2375 367 2427 lroc
382 2393 536 2441 commune,
564 2376 601 2429 nd
618 2376 767 2446 euperiora
783 2376 836 2429 illa
857 2375 1017 2445 ampiniana.
1061 2376 1146 2445 Quod
1165 2383 1223 2431 ante

237 2469 299 2538 ipeo
318 2469 381 2521 loco
401 2468 522 2534 dieitur,
560 2486 697 2521 commune
715 2470 828 2538 aliquod
846 2468 972 2534 officium
993 2484 1052 2520 em
1070 2468 1205 2536 copientis

239 2561 382 2630 aipientin,
418 2562 447 2614 id
466 2560 537 2614 uiltil
565 2562 674 2615 trabere
700 2560 821 2633 propriae
846 2559 1064 2630 appellationis,
1101 2560 1223 2614 maniten

239 2653 347 2706 Deinde
366 2652 412 2704 tric
432 2671 466 2706 ue
485 2653 564 2706 locun
584 2654 697 2725 quidem
716 2661 741 2708 nt
758 2653 842 2706 medii
858 2651 981 2717 nomini,
1000 2651 1068 2723 quin
1087 2653 1223 2718 Cicero‚r

238 2746 286 2799 trin
298 2763 410 2815 tromper·
432 2745 577 2809 alliciam,
599 2747 680 2799 nulla
699 2747 810 2800 adlecta
830 2752 915 2810 nota,
934 2745 1059 2799 medium
1078 2744 1219 2818 intellegit

239 2853 326 2891 uuum
344 2838 390 2904 ait,
412 2844 444 2891 ut
462 2837 524 2907 ipau
539 2838 689 2908 superiore
709 2838 836 2911 periodo,
854 2855 939 2909 quom
962 2839 1123 2907 perfeetum
1143 2837 1223 2893 oldai!

239 2930 392 2995 ruinosam,
414 2937 508 2984 tamen
525 2929 661 2985 eubiocitr
698 2934 727 2986 in
745 2931 849 2999 osflciia
864 2937 987 3000 ponatur
1012 2934 1082 2998 (non
1108 2931 1138 2984 tn
1156 2931 1223 2985 medi

239 3024 301 3091 eiia)
321 3031 364 3078 et:
385 3024 412 3075 in
432 3024 527 3090 officio
544 3025 667 3092 ponitur.

310 3117 354 3169 Ex
372 3135 424 3191 quo
445 3117 631 3186 intellegitur)
653 3119 716 3170 lloo
743 3115 856 3187 quidem
882 3136 937 3171 non
961 3116 1027 3170 trine.
1056 3116 1223 3188 intellegitur

239 3209 312 3263 ineat
329 3210 357 3263 in
376 3227 427 3274 eo,
457 3211 530 3280 quod
550 3209 633 3264 initio
651 3210 775 3280 punitum
795 3213 875 3275 urat,
894 3210 992 3276 aliud,
1009 3210 1154 3264 communi
1172 3212 1223 3264 nott

239 3304 332 3366 boote,
351 3305 530 3370 tumendum,
549 3304 627 3356 uliud
647 3302 821 3355 reluiemlum
841 3319 910 3356 eoae.
954 3301 1044 3356 ltimia
1070 3301 1157 3355 etiam
1176 3299 1223 3355 erit

239 3395 282 3447 iun
302 3395 465 3465 argumenti
485 3399 533 3460 (ex
550 3414 602 3471 quo
624 3396 759 3462 ecsteitun
777 3396 889 3448 uersari
906 3397 932 3448 in
951 3395 996 3461 iia,
1013 3413 1074 3471 quar
1092 3394 1223 3449 mediodt

239 3485 360 3539 inorrrrit
377 3486 404 3539 iu
424 3487 517 3553 idern,
553 3506 570 3542 a
591 3505 646 3559 quo
664 3505 745 3541 orout
766 3488 837 3542 Cato
855 3496 918 3542 erat
936 3487 1139 3556 (Quoniamque
1157 3506 1208 3541 non

239 3586 281 3641 at,
300 3578 364 3646 quin
384 3579 413 3631 in
431 3579 483 3643 iia,
501 3599 560 3655 qaue
578 3581 669 3633 medio
689 3581 806 3634 dieimua
827 3580 902 3649 dn).
958 3583 997 3635 ut
1015 3579 1070 3634 dini
1088 3579 1166 3647 iam,
1192 3597 1223 3634 no

239 3669 438 3741 dintinguitur,
457 3679 552 3727 utrum
571 3674 598 3727 id
619 3675 871 3730 damomtraudum
888 3675 940 3740 eit,
979 3674 1107 3727 officium
1128 3673 1223 3745 (quodi

238 3779 290 3818 aua
309 3771 412 3818 natura
430 3764 459 3819 in
478 3766 579 3821 mediia
597 3769 795 3834 eneoountat)
814 3773 892 3834 eme,
928 3783 964 3820 au
985 3767 1057 3828 hoo,
1093 3764 1219 3820 otlirlnrn

238 3873 299 3910 emo
317 3858 507 3924 conradatur,
543 3859 571 3913 iu
591 3860 693 3914 medii·
714 3861 845 3926 uereari3
881 3878 933 3914 nec
950 3859 1066 3922 dubito,
1103 3858 1172 3930 quin
1191 3858 1223 3910 lor

238 3950 302 4001 deru
321 3946 403 4003 nimir
419 3959 519 4019 aperta
537 3952 600 4007 initi
619 3959 647 4007 et
665 3953 730 4008 tinia
747 3952 935 4008 coneluniouia
962 3952 1090 4006 conluuio
1119 3969 1136 4005 e
1158 3949 1220 4004 teau

238 4038 382 4092 ciceronio
403 4047 430 4093 et
448 4040 558 4097 incuria
573 4052 636 4099 orta
651 4044 704 4106 nit3
719 4044 771 4098 etr.
793 4046 829 4098 ad
847 4045 892 4111 28,
909 4045 944 4099 ad
966 4047 990 4106 l,
1008 4045 1106 4111 19‚1t,
1123 4044 1167 4100 85.

307 4133 433 4207 quoniam
452 4150 482 4188 ae
500 4137 568 4205 ipsi)
589 4136 651 4204 lpei
667 4136 756 4190 etiam
775 4156 791 4191 o
809 4138 886 4210 Spir.
906 4138 1029 4193 restituit
1050 4136 1159 4204 aaran
1176 4153 1223 4209 unp

237 4224 324 4279 tacite
343 4225 426 4294 ipaoe.
469 4228 545 4282 Tum
564 4230 688 4298 diligunt
706 4248 739 4284 ex
759 4232 802 4287 ed.
824 4250 869 4304 pr.
885 4233 921 4286 nd
938 4233 1015 4287 itan.
1035 4232 1065 4284 et
1083 4230 1215 4302 deincep·

238 4324 313 4372 teron
332 4324 398 4375 anto
418 4317 520 4375 Gaium
540 4327 728 4393 propagatum
751 4330 777 4377 et
796 4325 907 4388 (contra
925 4323 1019 4391 Εὓξχ,
1039 4323 1095 4378 unt
1112 4320 1223 4389 omnini·
