2730 5016
129 375 192 436 74⁰
485 362 546 429 DE
568 363 746 432 rtxtsstts
768 362 877 431 BON.

132 578 266 634 natura;
318 580 383 621 non
408 560 545 643 perlecti
580 573 690 623 autem
716 559 869 626 homines
901 576 935 625 et
960 575 1072 625 tamen
1095 564 1219 647 ingeniis

132 664 376 734 excellentibus
398 665 538 749 praediti
565 667 753 730 excitantur
777 687 879 751 saepe
904 665 1039 752 gloria,
1073 689 1155 752 quae
1176 667 1220 731 bs·

132 775 187 838 bet
211 773 355 859 speeiem
377 770 560 834 honestatis
585 784 618 835 et
641 770 905 836 similitudinem.
956 771 1059 848 Quod
1081 776 1111 837 si
1133 776 1220 858 ipson

133 882 338 943 honestatem
372 876 515 961 undique
556 877 734 961 perfectam
771 891 871 962 atque
914 876 1128 958 absolutam,
1168 902 1221 943 reu

134 1009 230 1050 nnarn
263 982 568 1069 praeclarissumanr
601 984 745 1046 oninium
771 1004 1002 1068 maxumeque
1027 983 1220 1062 laudandam,

135 1095 264 1176 penitus
289 1090 461 1165 uiderent,
506 1109 647 1172 quonam
679 1089 800 1174 gaudio
832 1087 1095 1174 conplerentur,
1138 1112 1218 1174 quon

135 1212 336 1277 tantoopere
361 1197 432 1257 eius
455 1192 647 1257 adumbrata
662 1196 817 1278 opinione
831 1191 1029 1259 laetentur?
1051 1198 1105 1258 70.
1129 1195 1218 1271 Quem

135 1306 221 1366 eninr
246 1301 391 1364 deditum
417 1297 663 1385 uoluptatibus,
710 1320 805 1383 quem
830 1299 1053 1380 cupiditatum
1078 1302 1219 1365 incendiis

189 1531 249 1574 repe
265 1517 350 1573 glorta)
364 1529 405 1573 spe
419 1517 508 1574 glortae
529 1517 572 1560 cti
615 1514 725 1573 speeiem)
744 1516 853 1569 sermon
874 1513 1008 1560 tsl’cllor.
1052 1520 1135 1572 etque)
1153 1524 1174 1560 rt
1189 1517 1217 1561 bt

133 1596 167 1638 tt.
185 1594 260 1648 Quom
275 1615 302 1625 -
317 1596 393 1648 quem)
409 1594 468 1647 θνα
484 1616 509 1631 -
524 1605 579 1650 qnoe
593 1591 614 1636 B
629 1604 673 1636 osr.
687 1590 788 1635 alterurn
801 1590 886 1635 LPGR

135 1802 209 1870 quod
229 1803 243 1870 ᾗ
261 1801 296 1855 ot
315 1808 385 1855 extr.
404 1799 529 1864 dixerat,
565 1799 716 1852 honestum
742 1814 793 1867 per
819 1813 850 1851 se
875 1797 990 1867 expeti,
1029 1799 1117 1871 idque
1139 1797 1219 1871 glorie

134 1891 338 1963 conparatione
357 1889 515 1945 conlirmat.
552 1889 657 1957 (llasit
677 1889 818 1954 Bromius,
839 1887 918 1943 cuius
938 1889 1150 1946 dubitationem
1163 1893 1218 1945 sdes

133 2001 267 2055 peruerse
286 1981 372 2037 Gaius
391 1985 493 2036 tollere
514 1982 638 2047 studuit,
663 1989 693 2036 ut
712 1999 771 2049 quse
790 1997 947 2050 pronomen
965 1998 985 2035 a
1003 1991 1083 2037 reete
1094 1985 1177 2051 foetis
1190 1982 1216 2036 ol

134 2083 246 2128 externo
268 2077 462 2141 transferret.)
500 2074 606 2127 Deinde
628 2090 724 2127 omnes
743 2072 853 2126 codices
880 2073 950 2144 (etsi
978 2074 1086 2129 Gsiaui
1110 2076 1162 2130 soli
1177 2091 1217 2127 rs·

134 2167 297 2230 ruinarturr
332 2184 364 2218 or
383 2167 452 2219 On.
473 2166 627 2219 nerbornrn
648 2166 717 2219 ordo
735 2180 873 2234 nusquam
892 2165 1069 2234 adnotatur)
1088 2174 1117 2221 et
1135 2166 1217 2220 editio-

133 2274 183 2310 nes
203 2263 313 2309 ueteres
332 2257 443 2322 (Crat,
480 2257 591 2325 Uict.)r
630 2264 737 2311 utentes
757 2264 903 2317 seruatum
938 2258 969 2310 iu
989 2256 1033 2322 us
1053 2277 1109 2330 pro
1128 2266 1217 2313 moster

134 2356 279 2403 corrector
299 2348 393 2417 posuit
410 2354 526 2402 ueteres.
586 2349 712 2404 Mutouit
735 2349 863 2402 ordinem
891 2349 1026 2414 Mamur,
1066 2359 1128 2406 tuur
1145 2353 1216 2412 liae.

135 2441 241 2505 ceteri3
279 2457 330 2493 nec
347 2456 416 2493 sane
434 2440 506 2493 terri
530 2441 606 2494 alter
631 2441 683 2494 ille
707 2449 807 2511 potest.
854 2440 1010 2515 Tamquam
1033 2442 1064 2496 iu
1091 2442 1132 2507 Ἐξ
1152 2440 1218 2497 etis

135 2529 562 2597 tter.et1ttomc.0mittitur;
597 2533 626 2586 in
655 2535 715 2587 llrl.
744 2531 890 2601 transponi
917 2533 1008 2587 Geiur
1037 2553 1095 2590 nen
1114 2533 1217 2593 notauit,

135 2635 167 2680 ut
184 2621 323 2695 suspicari
341 2623 447 2688 liccat,
484 2622 571 2677 etiam
591 2623 619 2677 in
646 2623 720 2696 Spir.
751 2621 954 2693 transpositum
981 2625 1010 2678 id
1032 2627 1131 2681 tuisse.
1183 2626 1216 2678 Es

135 2715 314 2771 manifestior
332 2717 366 2769 ut
390 2715 592 2786 interpolatio,
627 2717 702 2785 quod
727 2733 782 2768 nou
812 2724 961 2787 tamquam
988 2719 1047 2771 dux
1065 2718 1115 2771 sed
1136 2730 1217 2787 reapse

134 2826 204 2863 uera
223 2811 278 2861 dux
299 2811 403 2861 natura
422 2807 557 2877 rapientis
579 2808 606 2861 in
627 2809 701 2861 trane
720 2808 797 2860 uiam
817 2810 933 2862 trahere
955 2807 1011 2863 dici
1031 2811 1127 2865 debet.

206 2919 279 2970 stepo
297 2901 407 2969 gloria)
429 2898 475 2952 Sic
495 2918 560 2969 argo
576 2900 665 2961 Crat,
683 2900 767 2965 Mon,
786 2900 830 2952 El.
841 2936 851 2961 ,
872 2909 955 2954 uetus
974 2901 1129 2974 scaligeri,
1147 2900 1216 2971 Spin,

136 2993 222 3047 etiarn
242 2994 305 3046 Pol.
323 2993 359 3056 o,
398 2988 495 3059 itaquo
525 2991 638 3060 scripsit
664 2992 789 3055 Lbinns,
825 3009 909 3061 quom
936 2992 965 3047 in
985 2993 1045 3047 suis
1065 2992 1216 3066 repperisset

135 3101 184 3152 epe
200 3085 306 3154 glorio,
324 3083 398 3153 quod
418 3089 481 3137 erat
499 3081 587 3136 etianr
605 3082 633 3135 in
655 3083 717 3137 Pnl.
736 3084 769 3147 t,
788 3084 854 3136 Par.
872 3085 889 3136 1
907 3085 971 3139 ctd
993 3093 1021 3138 et
1034 3085 1144 3156 aliquot
1159 3082 1217 3143 tisis

136 3178 206 3230 011.
226 3193 324 3230 omncs
344 3180 373 3228 et
392 3174 502 3243 aliquot
530 3172 600 3238 (lsi,
638 3174 775 3229 editiones
804 3185 871 3230 ante
899 3174 1022 3232 labinum
1049 3195 1101 3247 spe
1122 3175 1215 3247 glorie.

135 3270 212 3322 Tum
232 3269 357 3335 speciem,
378 3265 413 3316 de
432 3281 487 3334 quo
508 3265 596 3319 Gaius
617 3272 644 3320 et
661 3267 749 3320 ceteri
767 3274 872 3334 tacent,
890 3268 918 3322 in
936 3270 1094 3324 meliorum
1109 3269 1217 3325 ersten

136 3360 214 3414 omni
231 3359 342 3413 inmitia
358 3374 428 3422 esre,
445 3354 567 3410 ostendit
584 3358 760 3412 Moralianus
778 3359 954 3415 consenticus
973 3379 1038 3415 cunr
1052 3364 1114 3417 Bri.
1133 3358 1217 3415 rent·

136 3455 199 3520 poet
219 3459 246 3502 et
266 3451 421 3502 absolutam
440 3448 506 3517 (pro
526 3452 622 3521 armac)
640 3451 717 3503 Man.
728 3486 738 3512 ,
757 3450 882 3516 Lbinns,
899 3451 988 3506 ceteri
1008 3472 1043 3507 ex
1061 3455 1108 3509 etl.
1125 3451 1217 3524 prinas

135 3542 257 3593 correxit
278 3541 366 3594 Gaios
386 3557 401 3591 e
419 3548 554 3608 qrmttuor
568 3540 643 3606 suis,
662 3542 883 3597 Uindoboneori.

202 3629 247 3682 70.
284 3648 361 3697 quens
389 3632 573 3698 cupiditatum
600 3632 748 3700 incendiis)
789 3636 853 3687 lloc
877 3635 1004 3688 alterum
1030 3654 1128 3711 quesn
1159 3630 1218 3705 quot

133 3720 258 3776 orationi
277 3722 414 3775 crescenti
435 3731 462 3776 ct
479 3723 634 3794 imaginem
663 3730 780 3794 proprio
799 3725 917 3779 addenti
944 3735 1046 3798 sptnm
1071 3737 1113 3794 st,
1147 3726 1219 3782 lttltt

135 3816 211 3868 Crat.
232 3811 259 3867 in
279 3812 407 3867 oratione
427 3822 577 3874 contexta,
604 3815 690 3869 Gaius
710 3833 725 3867 e
743 3815 816 3885 Spir.
838 3823 867 3870 ot
886 3818 966 3881 Erb,
986 3821 1077 3874 ceteri
1095 3820 1218 3875 emittent.

135 3906 344 3974 concupiuirset
363 3907 463 3958 Cicero
489 3906 530 3959 sic
554 3906 648 3976 posuit
671 3912 816 3977 tamquam
843 3908 973 3964 dicturus
997 3914 1145 3980 perferen
1172 3921 1219 3962 esst

133 3997 314 4063 (umquam)·;
353 4014 418 4050 nam
438 3998 472 4050 ad
494 3997 630 4064 perfundi
646 3998 739 4065 aptius
758 4004 820 4052 erat
838 4004 1052 4070 concupices-it,
1086 4005 1158 4059 miro
1172 4002 1218 4053 iret

133 4091 176 4138 est
194 4084 222 4137 in
243 4092 301 4138 tarn
318 4096 419 4156 aperta
438 4088 586 4153 oratione,
626 4086 654 4142 in
685 4096 765 4143 tanta
793 4091 1009 4163 propinquitate
1034 4091 1216 4166 surrepente

134 4176 322 4245 Corriptrr‘saet
341 4179 426 4232 etiam
447 4181 529 4248 Εξχψ
547 4179 653 4235 ctrina
671 4181 758 4234 dubio
777 4199 876 4237 omncs
900 4186 1075 4255 deteriores,
1093 4189 1145 4243 aiei
1160 4196 1217 4239 uro!

131 4279 158 4322 et
177 4271 271 4333 alter,
291 4275 321 4322 ut
340 4270 361 4323 [ι
381 4274 495 4333 noster,
534 4273 779 4338 emendabunt,
806 4282 867 4330 turn
887 4277 1031 4335 editiones
1051 4288 1118 4337 sote
1136 4274 1216 4333 Uicto·

128 4361 202 4414 riom
223 4368 250 4414 ct
268 4362 346 4418 Mea.
383 4363 453 4432 ttgo
473 4364 550 4420 Cret.
572 4371 683 4420 rectora
703 4366 800 4422 habet.
