2706 5018
438 362 675 432 EXCURSUS
699 365 757 430 1v.
1080 374 1143 436 833

37 562 126 616 miae
145 561 368 626 continerentur,
387 577 442 615 non
463 560 576 615 uidetur
594 561 729 616 adcurate
747 576 765 613 a
782 560 885 617 Stoicis
905 563 1054 620 definitum
1073 584 1142 623 csse.

40 664 104 718 Sed
136 668 234 719 tamen
260 665 323 718 tere
351 664 473 734 primum
502 665 629 733 corporis
652 681 839 735 somnumque
866 667 1032 737 integritas,
1068 668 1144 724 uires

39 769 241 838 ueletudoque
257 775 418 838 ponuntur,
453 781 485 822 ut
504 769 546 832 u,
563 768 617 834 31,
636 771 675 834 V,
693 767 745 834 18,
762 770 836 839 apud
856 770 998 852 Stoboeum
1013 791 1040 841 p.
1067 773 1144 838 111,

40 871 158 926 Gellius
176 873 238 926 sota
255 872 381 943 corporie
398 872 546 926 commoda
566 878 595 926 et
604 870 847 927 incommodorum
865 874 990 944 corporis
1009 877 1145 932 remotio·

39 993 110 1030 nen
132 974 268 1030 nominet.
306 975 403 1029 Cicero
422 983 517 1030 tamen
537 975 576 1040 ΙΙ,
593 973 628 1027 ot
647 976 743 1045 ingeni
759 984 860 1030 motum
878 975 1023 1049 adiungit,
1041 978 1070 1031 id
1091 986 1142 1045 est,

41 1095 106 1150 quc
127 1081 168 1144 V,
185 1079 221 1134 88
239 1079 268 1133 in
287 1079 542 1149 Peripateticorum
561 1078 671 1133 ratione
692 1080 813 1134 uirtutes
830 1099 885 1134 non
905 1081 1072 1136 uoluntaria
1090 1099 1142 1153 ap·

42 1184 210 1252 pellantur,
238 1184 393 1253 cademque
413 1184 487 1254 opud
504 1184 646 1238 Stoboeum
665 1202 692 1255 p.
712 1185 745 1238 ot
766 1183 864 1254 primis
881 1192 988 1239 natura
1006 1186 1143 1240 adnume-

43 1293 157 1342 rantur.
168 1287 192 1354 ¹)
230 1287 272 1340 Ac
298 1294 429 1375 poteraqt
452 1289 512 1341 hnc
537 1304 648 1360 quoque
674 1305 691 1342 a
713 1287 816 1342 Stoicis
833 1288 925 1360 primo
942 1288 995 1343 itio
1016 1288 1143 1360 adpetitu

44 1388 90 1443 sui
111 1396 224 1444 tantum
242 1398 357 1444 amunte
376 1390 577 1460 conprehendi,
596 1409 657 1460 quar
675 1391 761 1445 etiam
778 1396 935 1462 προηγμένα
954 1395 1144 1447 numerabant

42 1493 144 1565 (Diog.
172 1495 266 1549 Ladrt.
287 1495 355 1559 Vll,
381 1494 454 1562 107).
490 1495 571 1563 Quod
597 1500 695 1548 antem
714 1495 811 1549 Cicero
833 1496 899 1562 (ΙΙΙ,
918 1496 967 1561 17)
993 1496 1078 1549 etiam
1096 1493 1144 1554 soie

43 1595 208 1668 καταλήψεις
225 1597 254 1651 in
277 1597 376 1669 primis
398 1604 505 1651 nature
531 1599 612 1669 ponit
630 1601 680 1653 aut
697 1604 775 1653 certe
794 1599 835 1653 ita
852 1617 917 1653 cum
933 1598 967 1652 iis
987 1598 1143 1669 coniungit,

44 1708 85 1768 nt,
106 1701 162 1754 nisi
179 1699 208 1754 in
229 1703 328 1755 eodem
346 1702 543 1773 generarint,
570 1721 625 1757 non
644 1703 799 1771 adpareat,
817 1720 867 1756 cur
885 1709 1142 1772 conmemorentur,

42 1804 157 1858 uidetur
174 1800 193 1874 ἦ
210 1803 362 1876 κατάληψις
380 1804 421 1858 itu
442 1804 558 1874 propriu
581 1821 642 1859 esse
661 1807 765 1860 adulte
783 1805 921 1872 rationia,
948 1812 981 1861 ut
999 1806 1045 1860 uix
1064 1807 1141 1859 hunc

44 1907 140 1963 locam
157 1908 234 1961 iuter
251 1908 343 1978 prima
361 1917 484 1963 tucatur.
530 1909 587 1964 Sed
614 1909 748 1978 quonium
770 1909 861 1965 Stoici
878 1910 1027 1964 notionum
1049 1907 1138 1981 origi·

45 2027 109 2065 aem
139 2029 159 2065 u
184 2011 403 2066 consensuum
432 2013 621 2082 repetebant,
658 2013 746 2067 facilc
763 2030 896 2068 sensuum
914 2012 1074 2085 integritati
1091 2015 1142 2069 ad·

44 2113 217 2187 tangebatur
227 2115 381 2188 undique,
400 2123 431 2169 ut
442 2118 514 2185 apud
534 2118 677 2170 Stobaum
688 2118 726 2187 (p.
744 2117 829 2183 118)ε
848 2114 924 2190 ὑγεία
941 2123 986 2172 καὶ
1004 2118 1141 2186 αἴσθησις,

43 2217 110 2292 λέγω
126 2217 157 2274 δὲ
175 2217 224 2289 τήν
241 2217 402 2289 κατάληψιν.
437 2219 515 2274 Artis
537 2227 633 2274 autem
660 2219 833 2274 atticarone
851 2221 967 2293 adiungi
988 2223 1059 2290 (ΙΙΙ,
1083 2222 1139 2291 18),

39 2340 161 2394 prorsus
179 2322 277 2388 miror,
297 2342 357 2394 quar
376 2341 393 2377 a
411 2323 568 2395 primorum
585 2341 692 2396 genere
709 2327 795 2379 ualde
816 2326 982 2380 abhorrent.
995 2327 1020 2392 ²)
1059 2327 1090 2378 tn
1105 2326 1142 2378 li·

39 2427 94 2483 bro
117 2431 142 2481 V
165 2427 284 2497 denique
302 2428 336 2480 18
351 2446 435 2498 quom
448 2429 647 2498 Ciceroprs'mu
664 2429 863 2483 inanimouolt
880 2446 940 2484 case
958 2429 1039 2503 qocss'
1050 2428 1142 2482 uirtu-

37 2541 100 2586 tem
119 2533 260 2602 ignicsttos
275 2538 302 2584 ct
316 2532 429 2593 centina,
449 2532 562 2585 incaute
580 2532 687 2602 aliquid
707 2531 858 2585 admiscuit
881 2549 914 2585 cx
932 2532 985 2584 itte
1002 2533 1090 2596 fonte,
1105 2533 1141 2584 de

35 2654 99 2707 quo
117 2637 213 2691 dicam
232 2638 330 2707 paullo
338 2641 409 2707 post.
445 2631 593 2688 Laudandi
606 2640 748 2705 postremo
765 2633 863 2700 Stoici,
876 2635 950 2707 quod
962 2636 1141 2704 uoluptatem

36 2757 99 2794 non
118 2736 151 2792 in
171 2736 206 2792 iia
225 2741 319 2805 rebus,
340 2756 459 2810 quarum
478 2740 515 2793 ab
534 2738 595 2810 ipso
617 2736 736 2792 animoli
754 2754 820 2790 usna
841 2745 1022 2807 quereretur,
1041 2755 1141 2818 nume·

35 2845 160 2909 rabant,
175 2845 224 2897 sed
243 2842 405 2915 ἐπιγέννημα
423 2860 482 2896 esso
497 2842 648 2908 dicebaut,
673 2843 728 2896 hoc
749 2847 807 2906 est,
826 2842 1041 2911 subsequentem
1061 2843 1142 2896 odic-

38 2951 123 3004 etum
142 2947 291 3014 animalis,
327 2963 357 3000 se
373 2946 472 3017 primis
501 2945 559 3000 iiiia
578 2945 636 2999 frui
652 2942 798 3000 sentientia
822 2944 889 3012 (uir.
924 2946 1019 2998 uduot.
1037 2947 1072 2999 nd
1092 2946 1142 3010 ΙΙΙ,

40 3053 103 3120 17).
139 3052 196 3106 Sed
214 3052 288 3122 quod
308 3050 482 3121 Aristippum
509 3057 538 3105 et
555 3049 711 3121 Epicurum
736 3048 862 3102 studiose
894 3056 1089 3119 oppugnantes
1107 3066 1144 3102 ne

38 3155 121 3211 bunc
144 3154 259 3224 quidem
278 3153 420 3226 uoluptati
440 3156 535 3208 locum
554 3170 669 3224 prorsus
687 3154 879 3207 concedebant
903 3148 944 3221 (ei
966 3147 1019 3220 ἄρα
1045 3150 1143 3220 ἐστίν),

38 3276 135 3330 neque
149 3261 346 3325 ostendebant,
373 3258 515 3329 quomodo
540 3257 589 3310 hic
610 3258 737 3311 adtectus
757 3274 820 3309 cum
840 3257 931 3310 nitere
958 3255 1009 3310 itio
1028 3257 1143 3311 adtactu

40 3362 205 3417 bominisse
217 3382 280 3418 cum
295 3381 407 3419 summo
424 3368 538 3424 natura,
557 3361 635 3415 cuius
647 3367 720 3415 esset
734 3336 890 3432 particeps,
901 3361 1018 3413 honeste
1032 3360 1143 3430 agendo

42 3467 209 3538 conspirare
228 3466 373 3522 sentientis
390 3467 585 3536 copularetur,
600 3482 662 3518 rem
680 3464 866 3534 inplicabunt,
887 3463 1143 3535 relinquebantquc

42 3570 158 3627 errandi
176 3574 280 3630 locum.
877 3645 880 3651 Ι

114 3677 159 3731 Ab
178 3677 235 3730 hac
252 3676 411 3748 primorum
424 3680 532 3731 nature
549 3674 663 3730 notione
679 3673 856 3744 aliquantum
875 3673 970 3736 distet,
981 3671 1004 3725 si
1023 3670 1145 3742 diligen·

45 3785 89 3833 ter
115 3779 329 3845 consideretur,
373 3795 423 3843 ca,
453 3797 513 3852 que
540 3781 568 3834 in
595 3779 669 3832 libro
697 3785 798 3848 quarto
824 3776 874 3844 (15
898 3776 973 3845 sqq.)
1000 3776 1028 3827 et
1048 3773 1146 3852 quinto

64 3987 89 4043 l)
103 3987 166 4051 περὶ
184 3974 214 4032 δέ
233 3969 322 4044 ψυχήν
343 3967 455 4042 (πρῶτα
480 3969 534 4026 e'ort
552 3989 622 4022 sonu
614 3955 736 4037 'qvosv)
758 3964 909 4031 aeiouoeolo,
938 3961 1044 4036 coquin,
1070 3965 1179 4036 paim*

103 4076 195 4133 novio,
214 4062 334 4136 iusposr',
352 4084 457 4136 μνημη,
484 4057 518 4116 roi
536 4057 640 4115 τούτοις
657 4055 851 4130 cooperiemur,
868 4051 906 4128 qiu
923 4051 982 4113 citit
970 4062 1023 4113 πω
1035 4077 1148 4124 τεχνοει

103 4159 147 4218 δὲ
173 4151 262 4215 οὐδέν,
304 4147 438 4221 cippum
463 4143 493 4202 dt
517 4143 633 4215 petitae.
689 4148 771 4193 Posita
799 4153 855 4193 aunt
883 4146 935 4193 trac
963 4161 1010 4192 uon
1040 4149 1064 4192 iu
1087 4147 1148 4191 Stoi-

98 4255 183 4290 corum
210 4240 362 4287 decretorum
390 4231 560 4291 explicatione
589 4227 631 4274 sed
659 4224 699 4271 ubi
722 4224 826 4270 Stobaua
857 4223 938 4270 nortus
961 4223 991 4267 de
1014 4220 1150 4271 defiuitione

96 4336 148 4371 top
132 4311 254 4371 τέλους
269 4310 405 4355 tententiae
420 4305 547 4366 percurrit.

65 4403 90 4455 1)
103 4399 158 4446 cte.
167 4397 232 4445 atet
240 4410 262 4454 p.
268 4393 307 4439 ut·
323 4372 359 4434 civ
377 4374 435 4437 nidd
422 4384 477 4437 lotos
495 4372 638 4444 τεχνοειδές
654 4368 737 4429 οὐδέν

883 4486 919 4540 53
