2706 5018
151 362 211 425 122
500 357 560 422 ΒΕ
582 355 758 425 FINIBUS
781 355 885 425 Bon.

105 588 110 605 ·
151 571 263 614 ornnes
285 554 355 615 neri
378 566 485 631 erunt,
509 565 544 615 ut
556 553 687 636 Epicuri
702 557 786 618 rntio
805 554 912 628 docet,
939 562 1008 613 turn
1026 550 1145 636 deniqo

150 660 226 720 terit
246 656 370 742 aliquid
394 663 548 743 cognosci
567 672 599 724 et
617 660 754 744 percipi.
801 658 894 735 Quos
917 658 973 742 qui
996 655 1121 721 tollunt
1142 685 1145 715 ι

149 761 197 825 hil
224 766 347 848 percipi
379 787 475 850 posse
499 766 629 842 dicunt,
675 767 719 843 ii,
766 766 900 828 remotis
923 761 1099 842 sensibus,

148 870 255 953 ipsunt
278 871 408 954 quidem
431 874 590 958 expedire
612 882 761 956 possunt,
783 871 867 954 quod
884 872 1061 933 disserunt.
1093 869 1145 933 Ρη

149 997 208 1055 ea,
252 974 382 1042 sublata
412 983 599 1064 cognitione
624 991 657 1041 et
678 977 835 1055 seientia,
875 975 1003 1041 tollitur
1025 978 1133 1040 ornnis

150 1094 182 1144 et
205 1083 293 1145 uitae
316 1083 484 1168 degendae
509 1098 542 1148 et
563 1105 671 1148 rerurn
696 1083 924 1169 gerendarum.
973 1083 1031 1147 Sic
1056 1105 1073 1146 e
1099 1080 1145 1164 phj

148 1200 181 1250 et
203 1188 361 1254 fortitudo
385 1194 524 1255 sumitur
554 1202 665 1255 contre
687 1192 801 1253 mortis
826 1190 977 1252 tirnorenr
999 1201 1034 1252 et
1058 1201 1145 1253 const

147 1307 261 1358 contra
282 1310 403 1360 meturn
424 1294 598 1381 religionis
620 1308 652 1359 et
675 1296 802 1359 sedatio
823 1296 935 1370 animi,
954 1297 1107 1367 omnium
1131 1315 1145 1357 r

120 1400 349 1465 ,occultarum
379 1403 587 1488 ignoratione
616 1399 767 1480 sublata,
809 1413 841 1464 et
875 1401 1078 1475 moderatio,
1124 1420 1143 1462 n

147 1507 360 1590 cupiditatum.
382 1505 624 1592 generibusque
648 1529 760 1570 oerum
783 1506 977 1591 explicetis,
1003 1519 1055 1584 et,
1088 1517 1145 1567 uti

198 1671 590 1729 tt.stperetpnerreorprssaron
609 1672 698 1730 percipi
705 1672 930 1728 patremmeum.
938 1669 1091 1715 nancitor.
1111 1669 1145 1715 din

146 1748 265 1793 arserant
279 1747 301 1792 R
341 1749 427 1801 sinit
467 1749 618 1804 occultarum)
634 1762 678 1795 cnr.
693 1748 734 1793 ur.
769 1747 939 1801 rotumam
952 1745 981 1791 Μ
1014 1748 1105 1800 esrnn)
1118 1758 1145 1791 ss

145 1906 229 1944 ruam
250 1893 330 1943 actus
349 1888 536 1956 (tentationes
557 1890 680 1942 harbure
698 1887 887 1957 appellamus)
917 1892 950 1939 nt
970 1886 1056 1939 dead.
1078 1884 1120 1948 ΙΙ,

146 1982 196 2047 41,
232 1983 267 2034 de
287 1983 320 2035 N.
339 1982 374 2036 D.
394 1981 423 2044 Ι,
462 1980 498 2033 7⁰
517 1980 570 2034 dre.
627 1979 736 2033 Deinde
760 1978 891 2049 pinguius
910 1978 1058 2047 aliquanto
1075 1977 1145 2042 Torq

146 2073 210 2125 tolli
239 2089 335 2126 renem
361 2071 398 2125 ab
424 2070 597 2125 Academicis
621 2071 704 2136 dicit,
743 2088 833 2140 neque
859 2071 933 2124 eninr
960 2087 1058 2123 sensus
1087 2067 1145 2122 totis

144 2165 194 2218 sed
212 2181 310 2218 eorum
328 2163 481 2228 indicium,
518 2166 590 2233 quod
613 2173 672 2218 tam
691 2163 758 2217 iniri
777 2180 861 2232 quem
880 2163 945 2216 neri
964 2179 1026 2216 esre
1042 2178 1111 2223 acc,
1133 2177 1145 2228 q

145 2263 256 2321 essent,
292 2255 429 2326 distingui
451 2264 553 2327 posset.
595 2260 659 2312 Hoc
677 2255 808 2310 Bremius
826 2255 1024 2309 animaduerso
1042 2253 1145 2307 ruinam

144 2349 248 2412 surde,
277 2348 365 2402 utnit
383 2348 489 2410 Gaius,
526 2347 598 2405 nihil
618 2350 678 2419 ipre
697 2346 836 2412 sentiens,
877 2347 1000 2400 sednon
1021 2360 1145 2399 necessu

135 2440 235 2494 -minur
255 2446 331 2494 reete
349 2440 527 2511 corrigebat:
555 2443 627 2508 qaod
646 2441 695 2512 qui
713 2440 831 2504 totiaot3
867 2457 958 2508 neque
977 2439 1053 2492 eninr
1072 2437 1139 2508 qaod

143 2533 268 2586 refertur
287 2533 321 2584 ad
341 2534 417 2586 solos
437 2532 593 2586 infinitiuoa
615 2533 749 2601 cognosci
765 2539 791 2584 et
809 2532 926 2600 percipi.
961 2533 1033 2585 Erat
1051 2539 1142 2585 tames

142 2623 172 2676 in
191 2623 265 2679 Uict.
283 2624 389 2677 codice.
424 2625 547 2692 (Remoti
562 2643 661 2678 sensus
681 2632 757 2677 recte
776 2625 928 2685 dicuntur,
968 2638 985 2677 a
1004 2621 1145 2693 disputetis

143 2716 206 2770 ueri
224 2717 399 2786 questione).

213 2810 330 2862 omnium
347 2827 438 2863 reram
456 2809 638 2872 occultarum)
658 2807 684 2860 in
705 2814 800 2871 terra,
826 2811 909 2872 siro,
937 2808 1005 2860 eoeio
1026 2812 1109 2871 cett..
1134 2822 1145 2872 t

143 2901 264 2972 explicet
281 2902 427 2957 Lucretius
446 2899 473 2955 in
493 2901 589 2971 quinto
611 2907 639 2952 ct
656 2906 735 2953 sexto
754 2899 846 2966 iibro;
886 2914 990 2969 raprrr
1008 2907 1071 2965 'paon
1088 2903 1145 2950 eost

142 3010 203 3047 mar
219 2994 394 3063 ignoratione
414 3011 521 3058 reram,
558 3009 647 3060 equa
675 2992 736 3059 ipsa
759 2990 813 3045 dre.
873 2990 936 3044 Diri
956 2999 1074 3061 proptor
1093 2989 1145 3045 risi

142 3102 218 3140 uram
236 3086 289 3139 Gai
309 3087 531 3151 ednotetiooern,
551 3102 636 3155 quarn
656 3090 718 3154 port
736 3083 830 3137 Beieri
848 3085 898 3150 (ad
917 3083 973 3137 Off.
993 3085 1007 3137 1
1024 3102 1052 3154 p.
1068 3083 1145 3147 8οΗ

142 3177 294 3239 nitiouem,
313 3179 337 3231 si
357 3179 549 3232 admonitione
567 3194 637 3247 opua
655 3182 732 3239 erut,
761 3173 874 3246 repetiit
895 3175 979 3236 otto,
1008 3183 1037 3229 et
1055 3175 1145 3228 indat

141 3268 233 3321 Orelli
251 3267 460 3333 coniecturam,
480 3269 527 3339 qui
545 3276 639 3323 tomen
658 3267 779 3331 uideret,
800 3265 1009 3338 ignorationem
1029 3284 1084 3321 non
1098 3283 1145 3321 esst

140 3358 323 3430 putationem.
376 3360 488 3415 Excidit
506 3359 675 3413 occultarum
693 3360 782 3412 etiarn
801 3359 830 3412 in
850 3359 923 3411 Gud.
940 3357 958 3410 ²
975 3359 1052 3426 (Eri.
1071 3357 1145 3413 Gsin

141 3450 297 3515 nominat);
316 3469 371 3505 nou
391 3459 483 3522 potest
501 3453 600 3505 abesse
618 3468 669 3503 nec
690 3451 783 3521 potuit
804 3451 877 3504 eddi.

210 3545 423 3621 et‘modrratio,
440 3551 544 3598 natura
561 3544 744 3612 cupiditatum
762 3543 833 3612 dre.)
852 3546 913 3598 lion
933 3551 1025 3615 potest
1038 3543 1112 3608 hoc,
1130 3558 1145 3597 u

140 3635 204 3689 lunt
222 3642 418 3702 enarratores,
438 3638 560 3708 positum
580 3653 639 3689 esre
657 3653 708 3707 pro
730 3652 781 3702 eo,
799 3638 872 3708 quod
893 3643 935 3691 ert
952 3637 1106 3689 moderatio
1122 3652 1145 3688 er

139 3735 246 3791 tatum,
264 3735 366 3781 natura
385 3747 493 3791 rnram3
532 3731 581 3783 sed
599 3730 768 3793 moderatio,
801 3729 895 3782 sudito
918 3728 1004 3782 etium
1024 3743 1058 3782 ex
1075 3744 1145 3798 supe

139 3821 191 3872 bur
210 3821 308 3888 animi,
327 3839 377 3890 per
394 3838 425 3874 se
443 3820 555 3886 dicitur,
569 3821 825 3891 quemadmodum,
844 3821 923 3874 nulio
943 3821 1057 3888 addito,
1076 3822 1145 3875 Tnu

138 3911 182 3965 16.
238 3911 342 3966 Maluit
359 3914 415 3967 troc
433 3912 532 3967 Cicero
549 3929 636 3978 quern
655 3914 864 3981 temperantiam
881 3911 995 3976 dicere,
1032 3913 1107 3985 qaod
1124 3928 1145 3965 r<

137 4003 321 4074 precedebat.

207 4101 245 4155 et,
267 4102 298 4148 at
315 4098 395 4150 modo
415 4098 514 4162 docui,
535 4097 603 4167 dre.)
623 4097 777 4162 Mendarn,
795 4096 870 4166 qnod
888 4094 936 4150 iric
954 4097 1083 4158 latebat.
1103 4113 1145 4152 nor

137 4186 231 4242 tritani
250 4188 363 4244 tollere.
416 4194 448 4242 ln
477 4191 595 4259 uolgata
621 4191 781 4262 scriptura,
817 4189 840 4242 si
859 4190 962 4258 regula
979 4188 1145 4245 nominatius

138 4283 202 4344 (nec
219 4286 312 4353 potest
330 4299 385 4336 uon
406 4282 498 4350 erre),
534 4282 712 4338 diueiiuntur
735 4283 837 4351 regala
854 4288 883 4336 et
899 4282 1047 4346 indiciam,
1084 4296 1143 4351 qun

137 4370 320 4427 iunetiuunra
339 4380 404 4429 sunt
423 4380 451 4429 et
470 4375 568 4429 esdenr
594 4375 701 4445 duplici
730 4373 842 4430 nornine
870 4375 919 4443 (dc
945 4374 1045 4443 regaie
1071 4378 1099 4425 et
1121 4371 1145 4423 in

770 4625 781 4655 t
