2706 5018
132 370 196 434 172
485 357 746 428 DE-FlNlBUS
767 357 872 427 Bou.

227 565 342 628 onnes
365 558 483 623 Danai
503 567 600 643 atque
626 557 855 640 Mycenenses,

224 671 344 736 Attica
360 664 475 751 probeo,
501 698 540 713 -

133 776 315 862 relicuiquc
338 772 479 850 Graeci,
504 772 560 857 qui
582 769 645 835 hcc
664 781 845 856 anapaesto
868 770 1032 846 citantur,
1074 767 1124 833 hot

134 883 247 948 dolero
271 880 377 946 aolum
402 878 582 963 uoluptatis
605 879 735 942 nomina
760 874 965 962 appellaret,
987 873 1124 940 illudar

134 1012 232 1076 pcum
255 998 499 1066 contemneret,
523 997 591 1064 aut,
612 986 641 1047 ai
666 996 840 1070 utrumque
854 980 1024 1069 probarat,
1043 996 1079 1046 ut
1097 1006 1124 1070 pr

135 1099 350 1183 coniungeret
380 1094 504 1160 doloris
527 1093 725 1156 nocuitatem
757 1112 829 1155 cum
854 1087 1025 1176 uoluptate
1047 1103 1081 1153 ct
1100 1091 1124 1153 dr

134 1204 270 1268 ultumis
302 1216 460 1266 uteretur.
507 1203 559 1264 lo.
593 1196 693 1262 Multi
730 1199 818 1262 cuim
849 1209 883 1260 et
905 1199 1018 1283 magui
1039 1194 1124 1282 philo

138 1311 220 1376 haec
252 1309 379 1375 ultuma
408 1308 568 1372 bonorum
599 1308 713 1370 iuncta
750 1305 919 1382 lecerunt3
961 1317 999 1367 ut
1031 1305 1123 1368 Arist

188 1464 269 1520 atquc)
284 1469 329 1506 cot
342 1460 426 1506 Lucu
453 1458 534 1512 attica)
547 1465 577 1503 ut
591 1456 706 1503 articuli
734 1455 873 1515 appellaret)
882 1454 1045 1512 appetimur
1074 1457 1124 1510 ullo

135 1539 225 1596 probat)
241 1538 329 1595 probet
351 1538 374 1583 u
429 1537 462 1582 la.
482 1535 546 1581 caim
559 1538 594 1587 ct)
615 1534 737 1582 autemid
765 1538 791 1578 ut
804 1532 955 1586 artrutotcr)
969 1538 999 1577 ot
1013 1535 1124 1579 Artdotc

135 1616 289 1661 LPMcttor.

134 1739 168 1792 ll
188 1739 229 1794 B:
255 1739 438 1793 commodiora
462 1755 522 1793 cooc
540 1738 625 1791 oculto
644 1755 724 1812 quidm
743 1743 775 1790 ot
795 1736 873 1791 coiit
892 1742 953 1791 crat
971 1735 1124 1790 nautium

134 1833 280 1888 Erucrtiuo
299 1832 459 1898 dubitabat,
478 1839 591 1887 rcctcuc
607 1837 640 1884 ot
656 1830 783 1885 additum
802 1832 884 1885 couci.

205 1933 288 1994 atquc
307 1925 497 1993 Myccncmco)
518 1920 582 1986 Sic,
601 1931 632 1977 ut
650 1941 747 1977 ucrouo
766 1924 901 1993 portulat,
919 1920 1076 1976 Lambinus
1095 1923 1123 1988 (c

135 2018 223 2070 ucbua
242 2017 394 2070 Aducroar.
413 2017 450 2079 ll,
472 2015 538 2078 17),
577 2015 782 2085 confirmatque
800 2022 902 2086 preter
919 2016 980 2068 Erl.
1001 2013 1124 2086 ‘'Scaligt

135 2106 196 2161 ιιιι”
217 2113 245 2162 ct
263 2107 385 2161 Elicmir
405 2106 471 2174 (th
490 2107 576 2177 apud.
595 2109 669 2162 Dour.
706 2107 802 2162 Cctcri
819 2114 883 2172 cut,
920 2108 994 2180 quod
1023 2107 1124 2160 Gruter

133 2198 163 2253 iu
183 2198 314 2253 omuibus
333 2199 408 2253 Pan.
428 2216 506 2264 cccc,
543 2200 630 2255 Goim
649 2201 735 2255 otiam
751 2201 779 2254 iu
798 2199 874 2271 Spir.
893 2202 922 2253 ct
940 2201 1001 2253 Eri.
1021 2199 1124 2266 (contro

133 2290 305 2346 conlationis
323 2291 489 2360 oilcutium).
530 2292 565 2345 Ut
584 2300 650 2347 auto
666 2293 761 2346 Attico
777 2294 876 2360 (ottitc
889 2294 961 2347 Gud.
980 2292 1007 2358 2,
1026 2294 1124 2346 arctico

134 2384 221 2438 ctiam
239 2385 332 2454 Spin,
369 2401 459 2454 praua
480 2384 665 2455 repetitionc3
703 2403 769 2439 nam
797 2404 832 2439 uc
858 2383 918 2455 quio
938 2386 1065 2440 acribatr
1097 2403 1124 2455 qr

134 2495 225 2530 omocr
237 2478 337 2539 Danai,
355 2483 583 2545 commemorer,
599 2483 631 2529 ut
648 2477 741 2531 Attico
755 2479 852 2546 pober,
872 2496 927 2531 uou
946 2478 1124 2550 oolumiuept

133 2567 284 2636 diiunctio,
305 2587 390 2640 quom
408 2570 553 2625 numinum
572 2570 770 2623 coniunctione
788 2587 899 2635 umnec,
920 2570 968 2638 qui
986 2571 1090 2642 ubique
1106 2570 1124 2626 oi

132 2661 317 2734 guiliccutur,
325 2664 372 2717 rod
382 2681 480 2717 ucraur
491 2661 639 2716 diodolutio
649 2662 792 2733 prohibat,
800 2680 883 2734 qucm
893 2671 1037 2718 acruatum
1047 2680 1124 2719 ccccc

133 2754 210 2809 ronio
226 2772 285 2809 mco
298 2757 327 2808 ct
339 2757 427 2809 ucrlm
437 2755 489 2808 hoc
502 2763 644 2823 cccpoerto
659 2755 817 2810 ostendunt.
844 2757 896 2809 unt
907 2774 939 2809 cx
949 2756 1060 2812 incerta
1069 2765 1124 2828 tra!

136 2847 264 2901 citantur
282 2866 318 2901 uc
335 2848 384 2901 hic
401 2846 513 2916 quidum
533 2853 585 2909 cot,
605 2849 638 2901 ut
656 2846 685 2900 iu
705 2845 801 2900 lcxicit
820 2846 956 2919 explicari
974 2850 1068 2913 uideo,
1085 2866 1124 2902 aot

134 2946 191 3002 tur,
209 2939 258 2994 aod
273 2939 328 2994 luit
342 2940 371 2993 iu
392 2938 444 2994 illc
463 2937 572 2994 cantico
592 2940 703 2994 uacatio
717 2943 844 3011 quadam
864 2945 894 2996 ct
914 2942 1023 3008 citatio,
1042 2950 1073 2997 ut
1089 2943 1124 2997 ad

134 3033 312 3100 Aropoertooa
334 3050 386 3102 pru
411 3033 539 3087 carmine
564 3030 711 3105 naupacti·
736 3032 841 3103 acripto
868 3030 938 3089 dixit
965 3035 1053 3089 ctiam
1072 3035 1124 3090 'l'ut

132 3125 168 3178 57
189 3123 234 3190 (τό
252 3119 433 3191 driccam,
451 3122 485 3180 rii
509 3120 685 3194 ἀνάπαιστα).

202 3217 246 3272 19.
282 3218 340 3270 locro
358 3218 466 3270 ultuma
490 3215 634 3285 donorum)
674 3216 816 3271 Goucralc
844 3219 899 3273 lroc
918 3224 978 3284 cot,
1015 3238 1072 3276 ocu
1092 3221 1124 3274 dt

132 3309 301 3377 quibuodum
320 3306 444 3372 dictum,
482 3309 529 3363 cui
556 3309 657 3363 dciudc
675 3309 853 3364 subiciuntur
872 3312 1022 3382 exemplu
1042 3313 1124 3386 itaqu«

132 3399 204 3454 miua
222 3400 311 3454 lraerct
329 3399 357 3453 io
376 3400 451 3466 irco,
489 3420 574 3471 qucm
592 3400 680 3455 Goirro
703 3402 744 3455 ita
765 3401 892 3468 refutat,
928 3409 960 3458 ut
977 3404 1050 3459 uilril
1069 3405 1124 3459 iulo

131 3493 187 3545 Scd
207 3491 307 3547 Cicero
326 3509 412 3562 quum
430 3492 557 3548 dicturus
578 3501 668 3548 coacto
693 3495 746 3547 lroc
764 3496 813 3562 (dc
834 3514 890 3566 quo
912 3499 1078 3566 querimur)
1096 3497 1124 3551 al

131 3585 278 3650 donorum,
312 3584 398 3640 rimul
419 3593 515 3640 autom
540 3587 701 3642 coniunctio
720 3586 773 3642 illa
792 3589 966 3660 pluralitatia
983 3591 1081 3657 (licet,
1118 3606 1124 3642 ι

129 3676 384 3748 grammaticorum
404 3695 483 3732 moro
502 3678 596 3748 loqui)
614 3672 758 3732 notionem
776 3676 818 3734 ita
836 3683 973 3750 adferret,
991 3680 1124 3738 utorium

129 3771 181 3823 lroc
198 3799 230 3811 -
250 3771 373 3825 iunctam
394 3770 448 3824 dici
467 3770 629 3835 uideretur,
655 3771 713 3823 ltoec
741 3772 821 3829 dixit.

195 3865 342 3928 socerum
360 3870 392 3916 ot
407 3863 571 3917 Aristoteico
586 3891 620 3902 -
638 3864 791 3931 coniunxit)
804 3863 952 3920 Particula
967 3872 1000 3918 ot
1011 3883 1066 3920 ucu
1076 3867 1124 3921 ool*

130 3956 290 4024 exemploru
309 3954 483 4026 adiungitur,
495 3962 526 4009 ut
536 3955 613 4009 idem
632 3957 753 4010 uerbum
770 3957 905 4011 audiatur
918 3958 961 4020 (ut
973 3958 1124 4031 Aristotele

128 4043 188 4118 qui)
199 4045 247 4097 red
260 4045 348 4099 otium
357 4047 410 4109 ita,
422 4050 454 4100 ut
464 4064 510 4100 rca
521 4063 597 4102 norro
610 4050 700 4102 uerbo
711 4048 806 4104 atatim
817 4047 979 4115 deliniatur,
994 4052 1027 4104 ui
1038 4051 1053 4114 l
1063 4049 1124 4123 580

129 4135 529 4207 l'cducoeuo-ucuitlctbal.
547 4137 592 4193 73.
630 4142 695 4194 Ilac
710 4142 804 4196 forma
812 4139 976 4195 Ciceronem
992 4141 1043 4196 lric
1060 4160 1124 4199 ιιιιιι

126 4228 246 4299 perrpici
257 4235 370 4299 poterut
388 4248 422 4284 cx
433 4231 585 4300 mommio,
608 4232 657 4285 ubi
668 4231 774 4302 alioqui
785 4232 960 4303 octipaiooctr
983 4234 1124 4304 callipio,

129 4320 275 4385 Diodorus,
285 4322 341 4394 qui.
361 4323 404 4377 Eo
421 4321 514 4377 urium
533 4324 683 4380 lcrcrrdum
695 4334 731 4392 ot,
748 4324 850 4381 ecdicio
864 4325 1124 4398 Eclocriptuma

127 4409 318 4465 ctriucdubic
334 4420 492 4468 ceterorum
509 4416 694 4472 bonorumob
710 4418 774 4472 aliir
791 4436 827 4472 nc
845 4419 1013 4474 aduolutum
1023 4419 1124 4492 quirico
