2730 5016
220 381 283 443 noo
572 370 632 441 ba
654 369 832 441 FlNlBUS
853 365 957 439 Bou.

223 576 299 636 dnm
324 575 385 635 erit
408 566 502 634 illud.
566 571 665 648 Quod
684 573 787 634 uootni
809 591 876 632 non
899 572 992 633 item.
1058 572 1116 632 84.
1138 568 1245 635 ”Tria
1266 590 1316 660 gs*

224 701 302 741 nera
323 677 521 751 bouonnnn;”
549 675 685 762 procliui
709 677 809 739 sursit
831 673 950 738 oratio.
1016 675 1121 741 erit
1145 676 1190 740 ad
1214 692 1315 744 extra·

277 894 332 946 erit)
346 894 417 937 sstli
488 894 524 938 84.
539 892 638 945 proellni
652 891 736 945 sarrit)
744 890 888 946 nuntiatas
904 906 928 938 e.
946 890 988 946 (Ρ)
1005 893 1137 947 metius
1149 908 1174 938 e.
1188 893 1209 938 (l
1222 905 1307 950 prosa·

223 970 290 1014 rol.
319 971 384 1015 uenit
397 992 423 1003 -
438 968 526 1022 tliesre)
541 968 602 1014 Non.
616 981 639 1026 p.
655 969 705 1011 lta.

223 1171 359 1224 orationis
377 1171 500 1223 ion-mam
519 1169 651 1223 mutauit.
688 1170 731 1222 Do
748 1167 892 1239 proxumis
919 1165 1014 1221 uerbis
1033 1168 1125 1242 (quod
1143 1171 1243 1223 nostri
1256 1170 1310 1238 ἂι.)

225 1261 282 1315 dixi
301 1264 336 1315 nu
354 1262 424 1330 576.

292 1353 335 1407 81.
368 1354 500 1423 procliui)
538 1351 677 1406 SicPall.
698 1351 795 1404 ethi
814 1367 926 1414 omnes,
963 1349 1036 1420 aputl
1055 1350 1132 1405 Dau.
1156 1353 1227 1408 Pan.
1247 1352 1311 1422 lm

224 1446 303 1506 eta,
329 1447 440 1512 Meam,
476 1446 526 1500 0¹.
549 1464 581 1511 χ,
616 1462 669 1497 nec
688 1442 765 1497 aliud
784 1442 1046 1513 significantEUE,
1088 1444 1119 1496 in
1139 1444 1312 1514 quibusenl

221 1540 343 1605 presidi,
361 1539 389 1591 in
409 1540 561 1608 pprouitli
577 1538 614 1591 ol.
634 1537 761 1606 procliui.
802 1538 891 1589 Recte
911 1535 1000 1605 igitur
1021 1535 1077 1587 boo
1093 1554 1149 1605 pro
1168 1540 1310 1606 procliuius

223 1630 408 1684 restituerunt
425 1633 496 1685 Dau.
517 1641 545 1685 et
556 1631 651 1684 Grius.
689 1629 806 1696 (bbinus
824 1629 851 1680 iu
863 1628 991 1696 procliui,
1012 1644 1104 1696 praua
1117 1632 1309 1696 correctione.)

223 1723 351 1775 Eandem
370 1724 493 1778 sormam
512 1726 619 1778 lrabeat
636 1723 744 1794 optumi
762 1723 871 1775 codices
891 1726 974 1790 (rag,
993 1721 1066 1772 Gutl.
1088 1722 1116 1786 l,
1135 1726 1224 1790 cett.)
1237 1725 1308 1777 'l'nsn

223 1817 271 1878 IV,
290 1814 340 1880 42,
361 1817 411 1868 ubi
431 1834 504 1871 nuno
524 1818 616 1870 editur
631 1817 773 1885 proelias,
789 1822 824 1871 ‚ut
840 1814 915 1883 aputl
931 1810 1095 1865 Lucretiam
1114 1816 1142 1866 ll
1151 1853 1163 1878 ,
1183 1816 1239 1870 455
1253 1816 1308 1870 seni·

160 1894 166 1905 ⁸
224 1909 355 1974 plumat.
393 1910 504 1964 Gellius
523 1910 562 1975 X,
581 1908 616 1961 21
634 1917 709 1961 etex
727 1923 760 1960 eo
778 1908 904 1960 Macrob.
923 1905 1038 1959 Satura.
1056 1907 1081 1969 l,
1101 1908 1118 1958 4
1137 1909 1307 1976 etprnfiroi·

223 2015 257 2049 oe
275 2005 302 2051 et
318 2002 473 2068 praefiscini
489 2011 517 2056 et
533 2001 653 2071 procliui
671 2008 699 2054 ot
713 2001 839 2069 procliue
858 1998 962 2051 dictum
981 2014 1040 2050 asso
1059 2006 1214 2053 testantur.
1252 2002 1306 2054 iltrt

227 2089 300 2142 enim
323 2094 405 2144 modo
425 2093 638 2163 scripserimus,
659 2111 715 2146 non
734 2091 876 2146 ablotiuos
895 2090 966 2155 erit,
986 2090 1066 2142 cuins
1085 2097 1194 2144 natura
1214 2094 1249 2145 ab
1265 2091 1307 2143 bos

225 2198 276 2233 usu
291 2183 428 2238 abhorret
447 2186 543 2250 (aliter
562 2188 637 2238 enim
656 2184 758 2239 tlioitur
776 2191 853 2238 reeta
871 2184 927 2246 ire,
962 2190 993 2235 ut
1010 2182 1080 2244 boe,
1100 2200 1134 2234 ea
1152 2185 1193 2236 tle
1211 2185 1261 2238 nia
1275 2189 1308 2236 tn-

225 2276 319 2340 none)‚
335 2276 394 2339 sed,
412 2279 485 2347 quod
505 2278 591 2331 etiam
609 2295 625 2329 e
644 2277 828 2348 conpar-atino
845 2274 998 2345 procliuius
1016 2272 1202 2343 perspicitur,
1221 2275 1309 2328 adnor-

224 2365 303 2418 bium
321 2367 445 2422 eiusdem
473 2371 570 2422 forma
594 2374 679 2441 atque
700 2370 807 2435 sociis,
846 2368 959 2420 sublime
984 2367 1070 2435 (quod
1101 2377 1181 2420 recte
1207 2368 1307 2437 quiin

224 2469 392 2529 conparant,
410 2464 458 2515 setl
479 2463 586 2515 frustra
599 2463 808 2516 indeeofieiunt
823 2462 946 2530 procliue
965 2459 1132 2512 Ciceronem
1153 2459 1306 2532 scripsisse)

224 2552 279 2604 boc
296 2560 354 2618 ost,
374 2556 457 2623 quod,
478 2556 716 2626 quemadmodum
736 2562 867 2608 nentrum
884 2570 975 2623 genus
993 2550 1222 2614 ntiemiuomm,
1241 2551 1308 2605 nulls

224 2645 340 2714 propria
360 2648 565 2700 terminationis
585 2655 652 2700 nota
670 2646 854 2716 insigniatur,
890 2646 937 2696 setl
966 2646 1058 2696 leuem
1089 2654 1118 2697 et
1138 2658 1308 2698 commane·

225 2736 326 2790 litteras
354 2741 462 2792 uocalis
485 2758 585 2793 sonam
611 2738 812 2811 pronuntiandi
844 2736 938 2808 gratia
963 2737 1080 2790 asciscat
1108 2738 1175 2805 (qai
1200 2734 1306 2790 idalia

193 2850 195 2855 v
221 2846 317 2896 prope,
335 2830 451 2896 abunde,
470 2849 550 2900 repe,
564 2849 651 2900 poene,
670 2832 772 2885 ceteris
789 2837 842 2894 est,
861 2846 920 2898 quse
934 2847 948 2880 s
962 2830 1049 2880 breue
1068 2830 1206 2900 hebent),
1222 2828 1304 2882 eain

225 2921 424 2989 pronuntiandi
450 2926 637 2995 ambiguitate
666 2923 694 2977 in
724 2925 736 2975 i
763 2924 890 2976 uocalem
920 2928 1131 2982 transeuntem,
1177 2914 1303 2992 qaaesti-

223 3013 334 3081 quiores
355 3016 415 3067 beri
431 3036 482 3085 pro
501 3019 565 3070 bere
583 3019 714 3071 dicebant
732 3026 760 3070 et
778 3017 939 3069 scribebant
957 3012 1109 3082 (Quinctil.
1129 3015 1161 3077 l,
1190 3017 1225 3074 4,
1239 3011 1267 3073 i,
1282 3009 1303 3071 i,

223 3108 254 3167 7,
281 3105 338 3169 225.
374 3109 496 3174 (Eadem
516 3111 611 3163 uocali
629 3108 826 3178 antiquissumi
845 3109 1004 3181 diequarte
1022 3110 1049 3158 et
1070 3107 1116 3158 die
1135 3104 1305 3180 qnsartiiioe·

225 3197 308 3262 bont,
328 3197 441 3273 «minito¹
456 3203 570 3272 propria
588 3200 783 3255 declinationis
805 3206 893 3268 nolo.)
937 3204 997 3251 laun
1017 3205 1085 3250 utra
1105 3198 1209 3252 littera
1224 3199 1307 3251 clm·

219 3282 250 3341 'in
271 3290 420 3344 scribendo
438 3310 504 3346 usus
522 3293 574 3355 sit,
604 3311 660 3347 non
680 3295 802 3346 multum
824 3292 958 3354 interest,
996 3294 1151 3357 postquam
1173 3310 1220 3344 res
1237 3288 1308 3342 intel·

223 3384 297 3434 lecto
316 3391 357 3444 st;
394 3386 515 3451 procliui
532 3396 627 3438 tamon
646 3386 714 3438 libri
731 3386 898 3447 ostendunt,
926 3390 954 3435 st
971 3381 1032 3432 beri
1050 3383 1202 3452 Augustus
1220 3383 1308 3436 etian-

221 3482 282 3524 tum
300 3475 443 3529 scribebat
460 3478 611 3546 (Qtrinctil.
637 3479 664 3541 Ι,
699 3480 736 3540 7,
771 3476 903 3541 22),ιοᾱ
922 3476 996 3527 idem
1017 3474 1136 3543 antique
1156 3476 1311 3551 disquirite

222 3563 280 3616 Noc
299 3566 408 3631 obstat,
427 3570 501 3638 quod
520 3571 632 3621 sublime
650 3587 760 3638 semper
779 3577 836 3631 est,
864 3583 1000 3636 nusquam
1023 3567 1153 3631 subiisti,
1183 3585 1250 3622 nam
1266 3568 1311 3620 ba·

222 3654 343 3708 iusmodi
359 3661 463 3711 steteris
488 3662 724 3728 pronuntiationis
749 3659 874 3730 reliquia·
901 3660 983 3713 nulla
1006 3667 1084 3711 certe
1110 3660 1178 3728 lege
1204 3660 1234 3713 in
1258 3654 1317 3713 1Ιῆ

223 3749 317 3799 uerbis
336 3747 391 3802 cito
412 3753 578 3818 abolentur,
599 3755 627 3808 in
646 3755 710 3808 aliia
731 3754 780 3807 tliu
798 3759 930 3816 manent,
960 3749 987 3802 iu
1009 3750 1074 3803 aliis
1093 3768 1231 3821 semper,
1248 3747 1311 3821 quei

221 3841 364 3896 factumst
382 3841 408 3896 in
420 3846 505 3900 breui.
535 3848 632 3917 Neque
650 3849 723 3900 enim
744 3847 772 3899 itl
793 3846 900 3898 abhoc
918 3861 1024 3913 genere
1037 3843 1311 3898 aduerbiorumiist

220 3942 380 3999 separatur,
396 3939 470 4006 quod
489 3939 500 3988 i
516 3940 632 4008 longum
652 3942 738 3992 babet
750 3940 839 4007 (apud
849 3933 982 3990 Ouidium
996 3951 1029 3987 ex
1040 3936 1125 3989 Pont.
1144 3937 1199 4000 ill,
1218 3939 1245 3999 4,
1262 3935 1310 3999 fl),

221 4023 274 4074 illo
294 4034 387 4079 autem
407 4029 486 4082 exilis
505 4039 533 4083 et
551 4033 671 4085 obscura
689 4029 814 4092 uocalis,
854 4028 888 4080 tle
909 4044 967 4098 qua
986 4025 1060 4088 dixi,
1087 4027 1200 4098 corripi
1218 4030 1311 4082 umor

222 4113 343 4168 uidetur.
398 4121 470 4174 Nam
488 4125 574 4176 etiam
592 4125 620 4175 in
641 4125 702 4176 lueri
719 4119 870 4176 Terentius
888 4120 1002 4183 Euml,
1040 4116 1077 4183 2,
1108 4118 1146 4173 39
1165 4123 1310 4175 secunda!

219 4208 362 4274 syllabam
381 4214 528 4280 produxit3
562 4224 591 4270 et
608 4219 721 4286 plures,
739 4213 858 4286 opinor,
889 4214 966 4265 loeos
984 4210 1150 4282 reperient,
1176 4214 1226 4284 qui
1244 4226 1308 4266 nans

221 4300 359 4355 admoniti
387 4304 445 4357 bne
471 4309 689 4372 scrutabuntor3
728 4297 886 4377 quietisque
911 4304 985 4358 enim
1008 4304 1021 4354 i
1047 4306 1181 4360 nooslen
1209 4306 1238 4360 in
1256 4302 1307 4356 ass
