2706 5018
212 364 278 431 XL
639 358 894 426 PRAEFA'l'lO.

212 557 452 634 detraheretur,
479 555 563 641 quod
590 576 663 620 cunr
688 553 888 641 Erlungensi
913 554 1120 618 coniunctum
1144 557 1306 622 uniuersa

214 664 349 730 familia
373 664 597 728 testimonium
620 662 818 726 ostenderet.
866 660 1069 739 llarissume,
1089 659 1147 725 ubi
1170 664 1205 725 in
1227 684 1307 726 mar·

214 774 293 858 gine
327 767 500 834 Cratandri
538 767 765 854 corrigebatur
802 766 955 833 mentium
993 768 1106 851 priruae
1139 767 1307 842 editionis,

215 876 302 965 quod
331 898 373 941 ne
413 878 447 940 in
486 874 704 940 deterioribus
745 875 877 965 quidem
913 871 1080 937 codicibus
1118 874 1310 959 adparebat,

215 1004 282 1048 non
306 984 561 1047 conmemorsui.
593 980 792 1047 Incredibile
811 993 843 1043 st
866 991 988 1058 autern,
1010 994 1165 1064 quantam
1190 980 1310 1048 babeat

216 1089 402 1155 molestiam
442 1089 605 1153 eiusmodi
642 1086 804 1153 conlectio
836 1088 1008 1151 uarietatis
1046 1107 1112 1152 nou
1149 1102 1310 1176 perpetuo

215 1208 368 1276 enotatte,
390 1196 447 1261 sed
471 1195 525 1261 hic
547 1193 618 1259 illic
641 1196 771 1281 magnis
794 1191 979 1257 interuallis
1003 1193 1173 1279 adpositae,
1198 1217 1217 1258 a
1240 1198 1312 1282 qui-

215 1302 351 1368 busdam
365 1302 496 1389 quidem
507 1298 686 1379 codicibus,
702 1313 736 1363 ut
748 1297 908 1378 Gronoui‚
922 1302 1095 1386 perpaucis
1109 1299 1203 1365 locis.
1247 1300 1314 1367 lta·

216 1431 279 1495 que
295 1430 362 1472 una
377 1420 412 1471 et
434 1406 539 1472 altera
554 1409 715 1493 scriptura
731 1427 829 1492 quom
854 1419 951 1471 antea
975 1428 1028 1471 me
1051 1407 1204 1493 fugisset,
1227 1417 1313 1473 nun'c

214 1518 301 1580 inter
322 1513 485 1597 Addenda
505 1515 675 1598 positast.
713 1512 906 1577 Deteriores
930 1515 1060 1578 codices
1082 1513 1153 1576 lere
1175 1515 1312 1600 uiginti,

217 1619 357 1707 quibus,
401 1632 437 1684 ut
458 1632 584 1684 cetoros
605 1621 772 1699 omittam,
794 1618 973 1700 Gruterus,
1014 1620 1194 1700 Dauisius,
1217 1619 1315 1685 Oxo·

216 1731 369 1809 aienses,
393 1726 599 1793 Goerenaius
622 1728 674 1790 usi
695 1739 791 1804 suut,
822 1728 852 1789 si
877 1726 957 1790 mihi
979 1727 1045 1811 ipsi
1067 1748 1182 1806 omnes
1208 1726 1314 1791 oblati

218 1846 348 1915 essem,
390 1833 567 1920 elegissem
588 1835 725 1898 idoneos
753 1830 901 1917 aliquot,
946 1854 1085 1918 quorum
1115 1835 1312 1899 uarietatem

216 1941 317 2029 plene
346 1961 505 2026 ponerem
533 1942 575 2005 ad
606 1938 740 2004 familia
775 1940 999 2003 testimoninm
1035 1938 1157 2025 ubique
1181 1938 1312 2004 abunde

216 2044 469 2122 declarandum;
491 2059 618 2111 ceteros
640 2045 787 2109 eiusdem
806 2047 855 2109 rei
878 2066 995 2110 caussa
1011 2045 1175 2110 interdum
1199 2046 1313 2133 appel·

216 2151 349 2217 lassam.
390 2152 428 2218 st
450 2154 536 2217 anim
565 2153 711 2217 codicum
736 2150 871 2215 laruilioe
897 2152 1070 2239 descriptae
1099 2166 1133 2217 et
1154 2132 1312 2240 ¹singula·

216 2280 288 2323 rum
312 2270 414 2323 testes
433 2258 544 2322 idonei
567 2257 707 2322 adhibiti
728 2270 824 2337 sunt,
845 2254 962 2343 {ualde
986 2272 1116 2339 errant,
1161 2261 1312 2346 quintili

218 2365 410 2431 adcessioue
443 2366 560 2450 augeri
590 2362 783 2451 philologiae
821 2368 933 2451 copias
963 2377 1100 2451 putant,
1142 2388 1241 2452 quom
1272 2371 1311 2433 ad

217 2474 395 2556 scripturas
427 2472 548 2556 uiginti
580 2472 729 2536 codicum
763 2475 944 2536 recentium
974 2483 1008 2534 et
1039 2472 1313 2559 interpolatorum

218 2579 383 2663 uigesumi
406 2578 503 2662 primi
525 2578 560 2641 in
593 2576 699 2640 isdem
724 2579 851 2642 mandis
876 2599 995 2642 nomen
1027 2591 1125 2665 atqua
1149 2600 1251 2644 unum
1281 2592 1314 2643 et

217 2683 358 2750 alterum
381 2704 501 2748 nouom
523 2682 677 2747 mendum
704 2684 865 2748 adiectum
895 2685 950 2748 sit.
997 2682 1095 2750 Nunc
1124 2686 1170 2748 ita
1191 2707 1313 2770 eonpa-

216 2803 290 2856 rata
311 2803 383 2856 eret
404 2810 477 2871 res,
520 2801 575 2870 ut,
623 2790 651 2852 si
674 2792 798 2869 omnia,
848 2811 919 2875 qua
944 2804 1057 2855 notata
1079 2804 1210 2872 essent,
1254 2815 1314 2879 po·

217 2901 370 2980 suissem,
395 2910 505 2962 temen
527 2893 653 2959 nullius
671 2892 817 2975 Gruteri,
839 2893 977 2977 Dauisi,
1003 2896 1167 2962 Goerenzi
1190 2900 1314 2964 codicis

217 3002 349 3090 plenam
374 3004 595 3069 conlationem
617 3002 763 3068 habituri
788 3003 970 3082 fuerimus,
1016 3026 1054 3068 ao
1076 3026 1117 3068 ne
1139 3003 1314 3070 Oxonien·

218 3113 303 3175 sium
326 3111 469 3196 quidem.
514 3109 643 3174 Deinde
665 3132 763 3196 quom
788 3107 928 3173 infinitis
949 3112 1121 3195 scripturis
1141 3110 1313 3177 dubitandi

218 3230 330 3281 notam
350 3216 588 3301 adposuissem,
611 3234 703 3299 uque
726 3213 837 3279 multae
861 3213 969 3279 dubim
992 3230 1026 3280 et
1045 3238 1147 3303 praue
1172 3233 1315 3283 enotatas

217 3320 341 3386 relictui
364 3333 485 3385 essent.
534 3319 649 3405 ltaque
680 3318 764 3385 hauc
787 3323 877 3384 tenui
901 3324 1083 3401 rationem,
1107 3335 1162 3405 ut,
1185 3323 1242 3388 ubi
1267 3347 1314 3390 ex

217 3429 301 3492 meis
323 3427 497 3491 deterioris
519 3424 653 3490 familie
684 3405 747 3490 *ant
776 3449 956 3492 consensus
987 3442 1044 3492 aut
1073 3428 1242 3494 dissensus
1262 3415 1315 3496 in·

217 3530 334 3618 tellegi
356 3533 437 3597 satis
460 3554 527 3598 noo
549 3545 681 3620 posset,
722 3532 770 3598 ibi
791 3533 932 3600 aliorum
956 3538 1145 3613 testimonia
1169 3536 1314 3602 ascribe·

216 3660 300 3713 ram,
325 3651 382 3704 sut
404 3637 462 3705 ubi
485 3638 641 3703 inutilius
668 3641 929 3706 coniecturarum
953 3654 987 3705 et
1008 3640 1223 3706 dubitationis
1246 3665 1313 3709 non

217 3748 412 3811 necessariis
434 3768 568 3812 caussas
590 3750 765 3812 monstrari
788 3746 995 3834 similemque
1017 3750 1052 3812 iu
1073 3760 1242 3830 posterum
1263 3750 1315 3815 lu·

216 3873 289 3918 sum
313 3851 450 3916 excludi
474 3851 554 3918 utile
576 3851 755 3917 uideretur.
801 3854 853 3918 Ac
875 3853 925 3918 lui
948 3854 1090 3918 fortasse
1109 3856 1143 3918 in
1169 3854 1232 3920 hoe
1253 3878 1313 3941 go·

216 3981 296 4025 nere
319 3961 506 4045 copiosior,
527 3981 625 4046 quarn
648 3957 760 4038 debui,
782 3972 870 4023 certe
893 3981 990 4046 quam
1017 3959 1210 4048 cupiebam,
1233 3962 1312 4029 dum

216 4077 318 4142 totum
341 4065 429 4132 hunc
450 4065 559 4132 locum
580 4090 600 4131 a
624 4064 817 4130 conlusione
842 4078 876 4129 et
904 4069 1050 4132 uanitate
1082 4090 1223 4154 purgare
1257 4091 1312 4134 co·

215 4193 286 4238 nor.
350 4171 389 4237 ln
421 4175 581 4238 riarietate
613 4173 782 4258 scripturoe
813 4174 913 4238 etiam
941 4172 1122 4239 Orellianae
1154 4174 1310 4238 editionis

215 4278 466 4367 discrepantiam
504 4277 666 4345 facilioris
701 4281 945 4365 conparationis
982 4300 1100 4345 caussa
1137 4279 1307 4353 adnotari,
