2706 5018
125 333 192 399 roe
476 307 536 397 n'n
558 331 734 400 uulnus
758 331 860 403 non.

127 551 187 593 nee
208 532 241 591 in
267 527 379 592 dolore
404 529 464 593 rieo
486 532 519 592 in
544 529 733 616 uoluptut03
769 542 804 593 ut
827 531 861 592 in
884 527 1058 613 uoluptate
1084 532 1181 616 sit,q

127 634 297 721 epuletur,
338 637 373 698 in
395 635 530 715 dolore,
576 639 631 722 qui
654 649 854 722 torqueatur.
923 633 978 698 'l'u
1002 649 1115 699 autern
1139 638 1181 700 int

127 743 208 806 liaeo
237 752 360 805 tantam
397 741 638 806 multitudinem
672 742 840 806 hominum
880 738 1126 828 [interiectam]
1158 763 1181 804 ui

127 850 220 913 uides
259 870 319 912 nec
342 848 535 912 laetantium
556 870 616 911 neo
639 847 843 912 dolentiuml
890 851 942 912 17.
978 846 1057 912 Non
1079 869 1181 935 prorsu

127 956 244 1040 inquit,
269 957 462 1040 omnisque,
487 957 637 1040 quisine
661 956 774 1020 dolore
798 957 882 1033 sint,
915 957 950 1017 in
974 953 1161 1040 uoluptate,

182 1168 225 1199 nee
239 1153 264 1198 lu
278 1155 406 1213 uoluptate)
421 1154 475 1200 edd.
492 1169 545 1201 eese
559 1156 601 1201 Or.
636 1156 668 1199 slt
682 1178 709 1189 -
723 1153 833 1212 epuletur
847 1175 874 1187 -
887 1154 1038 1210 torquentur)
1059 1155 1110 1197 sint
1122 1175 1146 1186 -
1157 1166 1181 1210 ep

128 1234 213 1277 leutos
227 1251 255 1265 -
268 1238 433 1286 torqueantur
448 1232 471 1276 R
486 1234 643 1288 (torquentur
657 1233 686 1287 P)
747 1230 922 1287 [tuterleetmD
935 1242 983 1277 οι.
998 1231 1021 1274 Ε
1035 1229 1087 1275 elue
1101 1230 1181 1275 uuelsd

128 1309 162 1353 ll.
176 1308 306 1365 omnisque)
320 1321 461 1362 omnemque
477 1308 499 1351 R
528 1307 584 1364 siut)
604 1312 637 1354 eit
651 1308 763 1354 LPMGR

128 1487 197 1541 eutis
216 1485 336 1540 ostendit
354 1503 462 1551 eorum,
481 1487 528 1557 qui
544 1495 801 1553 conmemoruutur,
820 1503 971 1541 torrentur
986 1486 1076 1556 (Pan.
1094 1482 1181 1539 dmulu

130 1586 157 1632 et
176 1597 304 1632 meorum
323 1584 352 1632 et
369 1579 429 1633 cod.
448 1579 520 1633 Uict.
542 1589 579 1642 et,
599 1599 667 1653 quoe
686 1582 745 1635 ulie
764 1581 798 1632 de
816 1596 914 1634 cuussu
932 1578 1065 1633 Duuisius
1084 1577 1181 1631 neruiue

129 1673 205 1726 Bell.
228 1677 256 1724 et
273 1673 385 1737 meod,
412 1689 583 1744 quemquern
602 1675 638 1726 de
655 1673 860 1727 Orouieusibus
879 1673 1018 1740 tacetur).
1047 1668 1130 1724 Guius
1144 1684 1181 1738 qur

129 1764 213 1818 modo
232 1763 329 1819 ”iustu
347 1764 519 1820 dubitationi
537 1768 632 1820 locum
652 1765 821 1831 exemerit‚‘’
847 1765 974 1834 lepidum
995 1771 1021 1819 st
1039 1764 1147 1824 uidere,
1165 1759 1181 1813 ir

130 1857 214 1909 ductu
234 1857 397 1925 parenthesi
417 1874 434 1911 e
461 1859 556 1912 uerbis
581 1860 608 1912 iu
627 1876 680 1928 quo
700 1875 787 1930 usque
807 1859 841 1910 ud
861 1874 937 1919 esee,
975 1863 1008 1909 ut
1032 1850 1181 1908 miserorul

128 1949 268 2011 ludher,
305 1950 438 2004 abiuncto
463 1951 605 2017 relutiuo‚
641 1950 699 2005 ium
728 1949 800 2005 nihil
825 1950 947 2016 habeut,
984 1949 1019 2002 ed
1047 1942 1181 2017 quod-ret

129 2046 218 2094 retur.

198 2138 231 2185 ut
250 2132 277 2183 in
296 2133 440 2202 uoluptate
460 2137 512 2204 sit)
551 2136 673 2190 Uberius
699 2151 744 2186 res
770 2133 906 2204 exemplis
932 2134 1095 2187 declaretur
1114 2132 1181 2200 (nv

131 2223 220 2295 dre),
257 2226 305 2277 sed
326 2226 436 2280 duobus
454 2236 563 2283 tuntum
583 2228 682 2298 primis
696 2210 852 2297 ‘generibus
878 2206 975 2297 positis
1003 2226 1042 2290 (in
1069 2226 1181 2294 uoluptet

130 2318 159 2370 in
178 2317 300 2385 dolore,)
340 2336 424 2388 quoru
451 2321 531 2391 sequi
550 2321 665 2376 tertium
685 2320 802 2371 deberet
828 2319 893 2386 (nee
917 2320 946 2370 s'n
964 2320 1107 2387 uoluptate
1128 2322 1181 2370 eutt

129 2427 178 2462 nee
192 2410 221 2460 s'n
239 2409 350 2472 dolore,
388 2413 436 2479 qui
453 2413 540 2480 dcc),
577 2414 649 2483 quod
668 2410 786 2464 difficile
803 2419 866 2464 erut
882 2411 1034 2464 relatiuam
1053 2406 1181 2464 sententie

128 2507 195 2570 epte
215 2500 386 2571 specialibus
405 2507 540 2575 exemplis
560 2508 681 2576 explere,
700 2503 834 2575 quonium
852 2503 879 2556 in
894 2504 1181 2558 cumomniueetlebut

129 2610 189 2665 quie
208 2596 317 2649 duobus
336 2592 432 2666 primis
459 2598 613 2667 generibus
641 2616 696 2651 non
723 2594 958 2662 continebuntur,
998 2595 1181 2667 orationispn

130 2704 259 2757 gressum
278 2689 393 2759 ubrupit
411 2689 550 2760 uliterque
572 2690 711 2744 ubsoluite
735 2689 778 2742 Tu
795 2696 886 2741 autem
905 2688 970 2753 din,
990 2707 1104 2760 prorsus
1121 2687 1181 2740 eode

129 2781 224 2846 modo,
243 2799 299 2852 quo
317 2779 345 2833 in
363 2782 438 2836 libro
459 2785 488 2849 l,
512 2784 547 2837 45
566 2791 594 2838 et
611 2784 654 2837 tt.
691 2786 754 2836 Hoc
774 2799 857 2850 quoni
878 2799 932 2834 uon
952 2780 1149 2851 intellegerent
1162 2792 1181 2830 u

129 2879 204 2927 teres
223 2874 337 2943 quidum
357 2875 497 2941 editores,
530 2895 581 2946 pro
601 2883 631 2928 ut
649 2875 820 2945 scripserunt
838 2892 916 2942 quom
936 2875 982 2939 (Ρ.
1003 2875 1108 2938 blare..
1132 2872 1181 2926 cre

131 2966 222 3031 Uict,
241 2967 328 3020 ceteri
351 2974 417 3021 oute
436 2969 589 3022 Gruterum
599 2972 622 3037 ,)
642 2977 671 3022 ut
689 2969 749 3021 lieu
767 2964 909 3021 contrariu
929 2974 1101 3036 ponerentur
1116 2976 1181 3035 pren

132 3075 177 3110 mo
197 3058 337 3128 superiori
355 3063 446 3127 (quom
466 3064 592 3129 eontra),
623 3079 677 3114 non
699 3067 793 3126 reete,
831 3057 964 3130 quonium
984 3060 1037 3112 illu
1056 3053 1169 3111 definitio

132 3150 381 3222 superioribusque
401 3150 583 3223 adiungitur,
615 3154 675 3208 luee
694 3154 834 3224 exemplu.
869 3152 968 3205 inutili
990 3144 1181 3205 eorrectiuuel

132 3249 160 3294 et
178 3248 288 3295 ueteres
308 3245 435 3312 quiedam
460 3244 596 3300 editiones
619 3248 739 3315 (Mure,
760 3247 856 3312 Cret..
876 3246 965 3312 Uict.)
993 3245 1117 3314 plui-eliu
1132 3237 1181 3297 usrl

131 3332 247 3396 hubent,
267 3341 298 3385 ut
317 3336 351 3387 R.

204 3424 397 3494 [interiectam]
423 3445 476 3480 non
500 3429 591 3496 uides)
619 3429 806 3498 Perticipiuru
833 3427 939 3482 omittit
948 3427 1044 3481 ¹¹etium
1066 3428 1154 3498 Spin,
1178 3421 1181 3472 l

132 3517 195 3569 Gud
220 3515 238 3568 2
262 3518 471 3588 transponitur:
509 3521 680 3574 interiectum
703 3522 846 3575 bominum.
892 3522 990 3573 Potest
1019 3521 1133 3586 obesse,
1163 3518 1181 3567 tl

130 3609 228 3678 paullo
249 3610 363 3664 breuius
385 3612 489 3666 dicitur
506 3613 579 3682 (quse
598 3615 745 3667 interduo
764 3619 834 3682 eet);
871 3615 919 3666 sed
941 3613 1126 3667 librariorum
1142 3604 1181 3665 ull

132 3702 250 3757 tumenti
268 3721 324 3757 nou
345 3707 496 3760 admodum
517 3705 609 3760 simile
628 3715 671 3771 εἰς
707 3705 971 3775 inquietantium,
1001 3721 1037 3760 un
1057 3706 1181 3759 herone

132 3794 225 3848 dicum
257 3797 408 3864 mendum,
444 3817 501 3853 nou
533 3797 857 3853 funilietestimouiuuu
882 3804 973 3862 otest,
1012 3797 1128 3865 notaui,
1161 3810 1181 3847 et

132 3886 235 3956 expuli.

202 3980 244 4033 17.
281 3981 343 4034 Non
358 4000 489 4051 prorsus,
512 3984 613 4052 lupuit)
633 3984 750 4037 Tuscul.
770 3985 825 4050 lv,
852 3982 945 4037 Sesto
965 3982 1181 4036 Promissum

133 4069 228 4122 bitror.
264 4072 350 4125 Gzius
369 4079 410 4126 sto
428 4077 543 4129 differre
563 4076 665 4140 trudit,
691 4083 723 4130 ut
740 4077 795 4130 hoc
812 4075 849 4130 sit
866 4093 923 4145 gur
939 4076 1031 4138 nieht,
1058 4073 1127 4126 illud
1143 4069 1181 4121 sie

130 4178 204 4229 gur,
242 4166 315 4232 qnod
333 4182 401 4219 sune
420 4169 513 4238 qu'uis
533 4168 608 4221 diunt
627 4171 708 4222 nullo
726 4169 921 4239 precipiente3
959 4166 1020 4237 quis
1040 4165 1113 4219 enisu
1129 4176 1181 4215 uest

133 4256 240 4308 omnino
258 4274 312 4312 non
330 4264 359 4311 et
376 4276 430 4309 non
449 4260 580 4312 omnino?
613 4262 661 4313 sed
686 4261 741 4315 hor,
758 4261 850 4331 ipsum
867 4259 945 4312 niebt
962 4276 1020 4328 gur
1039 4255 1181 4311 uebeureut

133 4344 169 4399 ub
186 4347 239 4403 lroe
258 4350 321 4403 loco
341 4350 492 4412 ebbonem
533 4352 681 4406 nonenim
701 4336 863 4425 Torpuutus
890 4370 920 4406 se
939 4370 972 4406 eu
997 4346 1091 4419 ulique
1105 4347 1181 4399 unte
