2706 5018
209 356 325 423 cxlv
637 354 893 423 PRAEFATIO.

211 557 251 620 ad
290 556 370 619 artis
410 551 539 615 modum
583 572 655 615 cum
694 555 862 617 notionum
900 554 1100 639 proprietate
1137 551 1304 620 subtiliter

211 664 321 726 auimo
345 660 541 744 descriptam
566 657 709 722 tenebat.
745 658 853 736 Quom
864 661 966 745 igitur
988 662 1133 723 animum
1156 660 1198 724 ed
1224 664 1303 725 sori-

210 766 352 831 bendum
373 765 554 851 adpulisset
577 787 648 829 cum
670 766 880 831 festinatione
903 766 1041 850 quadem
1055 779 1087 830 et
1101 769 1196 853 qnasi
1213 781 1306 847 aestu,

210 874 336 939 doloris
360 886 393 936 et
412 872 635 937 molestiarum
661 872 862 937 obliuionem
888 894 1047 958 quaereus,
1059 875 1085 957 ¹)
1115 895 1224 960 neque
1248 873 1305 938 lra-

210 979 310 1044 bebat
341 993 552 1066 praeparatam
586 981 754 1042 materiem
795 982 858 1043 nisi
895 982 1061 1043 communi
1102 982 1246 1066 quadarn
1285 1003 1303 1043 a

211 1085 399 1152 doctoribus
424 1099 457 1149 et
480 1085 573 1149 libris
597 1090 714 1150 notitia
740 1108 846 1172 nequo
877 1108 948 1149 eam
988 1086 1135 1150 studiose
1169 1089 1303 1171 conqui-

211 1196 306 1257 sitaru
342 1193 496 1256 diuturna
528 1193 745 1257 meditatione
770 1193 945 1271 uersabat,
986 1194 1063 1272 sed,
1111 1193 1200 1278 quod
1239 1192 1303 1256 alio

212 1301 309 1365 modo
334 1297 411 1362 fidei
437 1311 470 1361 ot
493 1301 654 1363 cautionis
678 1321 795 1363 cerussa
818 1301 960 1365 fortasse
983 1300 1135 1377 sociaret,
1178 1300 1214 1361 in
1239 1301 1305 1362 sin-

211 1406 299 1493 gulis
324 1404 473 1487 pertibus
496 1405 713 1492 philosophiis
747 1407 953 1492 singulisque
982 1404 1182 1490 disciplinis,
1227 1426 1305 1490 ques

212 1526 283 1577 erat
304 1524 522 1590 tractatuum,
566 1533 666 1575 uuum
691 1514 761 1577 lere
786 1513 928 1600 aliquem
960 1511 1024 1576 sibi
1053 1508 1155 1596 elegit
1178 1512 1307 1590 ducem,

212 1641 309 1708 quem
339 1631 531 1704 sequeretur
558 1630 592 1680 et
621 1621 870 1705 exprinreret.²)
943 1616 1040 1695 Quod
1068 1617 1233 1701 quomodo
1257 1620 1307 1682 in·

211 1727 377 1804 stituerit,
414 1747 516 1811 nuper
539 1723 732 1790 clarissumo
755 1725 910 1812 exemplo
934 1726 1134 1812 patefactum
1155 1736 1188 1787 st
1211 1727 1245 1788 in
1268 1724 1309 1788 li-

212 1833 271 1899 bro
294 1836 400 1916 primo
422 1833 463 1895 de
484 1846 599 1897 natura
613 1834 760 1913 deorum,
780 1837 914 1898 inuenta
936 1835 1021 1896 iuter
1042 1833 1308 1900 Herculanensis

212 1941 381 2005 uolumina
406 1939 568 2024 particula
596 1944 710 2026 scripti
741 1941 871 2004 l'haedri
901 1939 1054 2025 Epicurei
1087 1942 1167 2028 recol
1199 1942 1307 2009 θεῶν.

212 2046 360 2131 Adparet
378 2047 464 2108 euim
485 2044 753 2132 intellectumque
787 2059 817 2109 st
850 2068 870 2110 a
900 2044 961 2110 Ch.
989 2047 1201 2129 Petersenio,
1254 2052 1310 2135 qui

213 2174 285 2216 eaur
307 2149 695 2240 particulomllarnburgi
715 2177 745 2217 u.
764 2155 848 2217 1833
867 2174 1014 2216 seorsum
1036 2155 1150 2233 edidit,
1174 2153 1308 2219 Cicero·

213 2279 288 2321 uem
312 2279 376 2320 nou
406 2256 515 2320 solum
546 2278 591 2320 ex
621 2258 764 2321 secundo
796 2258 888 2323 illius
913 2259 1063 2345 opusculi
1086 2259 1174 2324 libro
1205 2272 1311 2324 totam

213 2364 368 2428 doctrinae
393 2363 563 2449 Epicureae
598 2368 842 2449 expositionem
876 2368 959 2452 (quoe
992 2367 1077 2452 apud
1113 2364 1310 2431 Ciceronem

213 2471 290 2533 inde
314 2492 333 2533 a
356 2474 374 2548 ς
397 2471 440 2532 ts
463 2468 601 2556 legitur)
624 2476 825 2558 sumpsisse,
857 2473 915 2535 sed
938 2476 1055 2549 etiam,
1090 2472 1176 2557 quod
1199 2475 1309 2538 minus

213 2575 333 2660 aliquis
356 2577 595 2660 suspicaretur,
620 2599 638 2640 e
662 2581 772 2663 priore
794 2576 881 2641 libro
905 2582 1016 2642 omnia
1039 2578 1109 2658 illo,
1132 2601 1204 2664 quse
1227 2579 1309 2646 Uel·

211 2681 314 2745 leium
345 2682 469 2744 inducit
505 2681 545 2746 de
588 2686 793 2768 superiorum
832 2683 1102 2771 philosophorum
1134 2687 1310 2748 sententiis

213 2788 444 2872 disputantem.
492 2788 617 2853 Eodem
642 2793 743 2875 igitur
773 2802 830 2854 aut
851 2789 969 2855 saltem
988 2790 1090 2854 simili
1114 2792 1210 2855 modo
1239 2813 1308 2857 rent

212 2896 396 2960 instituisso
422 2899 456 2960 in
487 2896 538 2960 his
565 2896 659 2962 libris
691 2897 872 2960 censendus
903 2919 942 2961 eo
972 2900 1078 2983 magis
1109 2910 1177 2976 est,
1222 2898 1309 2983 quod

214 3022 279 3065 nou
303 3001 443 3066 obscura
463 3006 605 3089 uestigia
626 3005 658 3067 id
689 3015 869 3082 testantur,
914 3004 955 3067 de
981 3002 1098 3090 quibus
1128 3002 1308 3089 exaliqua

215 3122 306 3192 parte
334 3110 400 3171 iarn
424 3106 506 3170 alibi
529 3110 651 3172 dictum
675 3132 695 3172 a
725 3130 777 3173 me
807 3123 848 3172 st.
916 3108 953 3173 ln
983 3112 1089 3195 primo
1125 3105 1212 3172 libro
1245 3111 1308 3173 etsi

214 3234 301 3297 stepe
322 3214 403 3297 ipsis
426 3212 560 3296 Epicuri
582 3213 693 3277 uerbis
713 3217 827 3292 utitur,
851 3228 958 3279 tamen
978 3228 1069 3302 patet
1092 3219 1122 3298 (5
1147 3221 1187 3282 31
1212 3231 1245 3282 et
1265 3221 1308 3281 36

214 3320 316 3403 sqq),
361 3320 577 3404 posteriorem
607 3318 750 3406 aliquem
774 3323 806 3384 ei
835 3321 1032 3405 Epicureum
1056 3323 1171 3389 ducem
1203 3325 1307 3388 fuisse

235 3562 263 3627 ¹)
284 3562 329 3615 Ad
348 3564 408 3616 Art
427 3561 495 3628 Xll,
514 3567 556 3627 14,
574 3568 604 3616 3:
631 3565 714 3620 Totos
733 3567 793 3620 dies
811 3568 902 3622 scribo
920 3566 983 3631 &oq
1006 3567 1147 3631 xttt‚1o‚
1170 3571 1200 3618 l:
1225 3567 1308 3637 Quod

282 3658 340 3709 uisi
357 3659 425 3709 milri
440 3659 491 3710 lroc
515 3659 639 3711 eretriaci
658 3660 695 3711 in
718 3668 854 3721 merrtem,
887 3663 1008 3715 seribere
1033 3662 1091 3713 ista
1116 3661 1211 3713 nescio
1236 3677 1306 3728 mre,

281 3767 334 3823 quo
354 3767 395 3804 me
412 3759 560 3812 stertereru,
582 3768 638 3804 uon
652 3753 798 3814 lauaem
814 3752 936 3813 ibides,
955 3757 986 3804 2:
1009 3753 1155 3821 Equidem,
1173 3751 1309 3805 credibile

282 3859 340 3893 nou
358 3850 418 3902 est,
453 3851 590 3910 meantum
607 3845 727 3897 scribam
746 3846 809 3906 die,
845 3847 914 3922 quin
941 3848 1027 3898 etium
1052 3845 1200 3903 sectilem
1237 3842 1309 3896 uiltil

283 3950 355 3985 curm
376 3952 471 3988 scrutor,

234 4022 263 4088 ²)
282 4022 329 4075 Ad
347 4025 434 4080 serie
452 4025 526 4091 xu,
545 4032 597 4092 ⁵2,
615 4033 650 4093 3,
669 4029 717 4102 qui
736 4029 818 4083 loeus
837 4029 879 4083 sic
897 4027 1144 4101 interpungendus
1166 4035 1226 4081 est:
1264 4027 1309 4080 De

283 4115 384 4186 unqua
403 4119 512 4172 Latino
527 4123 622 4174 securi
639 4140 668 4174 es
680 4123 777 4178 animi.
815 4121 960 4191 (Atticum
980 4138 1112 4173 securum
1134 4136 1198 4172 csse
1216 4118 1306 4177 iubet,

285 4208 460 4278 respondens
479 4212 541 4265 eius
560 4212 748 4266 admonitioni
769 4213 880 4280 alicui.)
937 4213 1035 4265 Dices:
1075 4213 1134 4284 Qoi
1149 4214 1226 4264 tulin
1242 4229 1304 4264 oos-

239 4310 244 4317 '
284 4303 408 4355 scr-ilis?
424 4297 636 4376 Ἀπὸγραφα
653 4314 737 4366 runtr
762 4305 982 4360 minore-tatere
1000 4305 1092 4374 fiunt,-
1132 4305 1222 4358 uerba
1243 4312 1305 4356 tau·

260 4401 340 4446 ’tunt
360 4396 471 4464 adiero,
490 4398 590 4465 quilius
608 4398 735 4452 duodo.
