2730 5016
222 350 284 411 76⁰
567 339 628 406 DE
650 336 826 404 FINIBUS
849 333 954 402 BON.

222 542 274 604 sl.
298 537 366 602 iam
390 535 448 600 ilia
471 547 609 599 extenua
633 555 729 620 parce
761 546 796 594 tu
823 531 971 617 quiderm
1018 529 1077 592 sed
1108 528 1193 593 haec
1219 551 1305 615 quom

279 759 313 799 81.
329 754 430 811 quidem)
443 754 502 812 patd
518 752 538 795 E

295 958 340 1013 81.
376 958 435 1011 Isso
453 957 504 1008 illo
518 955 644 1021 catomo)
682 952 799 1008 Transit
824 956 859 1008 ad
876 953 996 1010 tertium
1013 968 1105 1025 genus
1129 950 1310 1002 bonorumet

228 1051 386 1110 maiorum,
412 1065 471 1118 que
489 1053 568 1100 extra
589 1046 715 1098 animum
735 1051 763 1098 et
780 1064 880 1118 corpus
901 1058 1000 1110 ments
1033 1044 1082 1098 sod
1102 1040 1189 1096 initio
1209 1045 1309 1094 tantun

229 1141 379 1196 bonosius
397 1140 544 1193 commoda
564 1139 774 1202 conmemorat,
798 1156 831 1192 er
851 1139 953 1209 quibus
972 1135 1119 1191 contraria
1135 1136 1219 1188 malo
1238 1134 1310 1187 simut

230 1234 485 1303 intellegebantnre
522 1229 601 1281 ”Iam
628 1235 743 1283 externo
760 1231 811 1284 itio
839 1249 923 1302 parce
940 1239 972 1286 tu
997 1229 1113 1301 quidem
1135 1228 1312 1293 (tundastiet

230 1324 425 1394 adsumpsisti,
461 1322 510 1394 qui
528 1322 580 1374 iila
602 1338 651 1391 por
669 1339 700 1374 so
719 1324 831 1394 quidem
851 1323 1006 1393 expetendo
1027 1338 1105 1384 me,
1125 1321 1176 1373 sed
1197 1321 1255 1371 tine
1272 1319 1313 1371 bo·

231 1436 331 1471 norum
350 1434 405 1471 uon
427 1413 565 1469 contineri
584 1414 733 1476 statueris,
754 1417 819 1485 §67
837 1423 864 1469 et
882 1415 949 1488 68);
988 1414 1037 1466 sed
1056 1429 1145 1482 quom
1164 1411 1246 1473 hsce,
1264 1429 1313 1480 qua

233 1508 478 1570 onumerauimus,
497 1504 648 1570 ualetudo,
668 1504 752 1572 uires,
771 1511 875 1577 cetera,
891 1510 965 1560 bona
983 1505 1038 1558 sint
1058 1506 1087 1556 et-
1109 1520 1127 1557 a
1147 1511 1176 1556 tc
1197 1502 1314 1572 corporis

232 1604 307 1654 bono
326 1602 487 1671 appellato,
512 1603 589 1651 uerte
610 1614 644 1651 ea
663 1599 765 1665 etiam,
799 1619 858 1672 que
878 1617 974 1653 eorum
993 1594 1174 1650 conficientia
1194 1602 1262 1648 sunt
1278 1593 1315 1658 (ri

232 1690 328 1748 aeirus
347 1691 507 1762 ποιητικά),
543 1694 671 1749 inbonis
690 1690 869 1758 numerabis,
896 1690 1018 1753 amicos,
1036 1690 1167 1750 liberos,
1189 1704 1275 1757 opes,
1291 1695 1315 1741 ut

233 1784 289 1838 tria
308 1801 415 1854 genera
432 1787 570 1842 bonorum
590 1794 617 1842 et
635 1789 706 1840 item
722 1788 862 1839 matorum
881 1802 934 1837 non
960 1781 1118 1851 eringius-’¹
1156 1785 1189 1831 ln
1211 1782 1315 1832 sentcn-

233 1876 275 1929 tia
292 1876 321 1929 id
340 1879 382 1931 est
400 1879 525 1945 molesti,
564 1880 592 1932 in
611 1897 666 1951 quo
686 1896 767 1931 nemo
789 1876 919 1939 offendit,
939 1870 1013 1944 quod
1033 1872 1133 1926 Cicero
1152 1872 1205 1925 iric
1224 1880 1315 1926 eontra

235 1968 366 2022 Pisonum
385 1977 413 2023 et
436 1971 605 2027 Antiochum
624 1969 822 2026 constitutione
843 1969 962 2038 quiedam
983 1973 1166 2019 externorum
1184 1965 1316 2020 bonorum

236 2059 457 2129 utitur,qu1ein
477 2064 585 2117 Pisonis
603 2063 792 2132 disputatione
814 2061 904 2131 posita
922 2077 976 2112 non
998 2063 1048 2123 eat,
1067 2063 1100 2110 ut
1121 2056 1197 2109 nihil
1216 2073 1317 2109 necrus

234 2151 271 2204 sit
291 2151 386 2206 Pisoni
404 2150 447 2217 id,
476 2156 550 2225 quod
569 2173 602 2208 or
621 2171 654 2208 oo
676 2154 839 2207 definitione
860 2152 1060 2213 conciudatur,
1080 2150 1218 2218 probare.
1255 2150 1318 2204 Nu

236 2245 311 2296 bonu
336 2244 464 2314 corporis
492 2247 591 2300 contisi
616 2250 737 2300 externis
761 2245 818 2298 iliis
846 2250 873 2298 et
899 2244 962 2296 ideo
987 2243 1046 2295 bae
1071 2258 1133 2294 osso
1158 2242 1318 2312 expetendo,

238 2335 301 2388 Piso
321 2353 376 2390 non
394 2337 511 2404 dixerat,
531 2340 580 2391 sed
599 2339 656 2394 alio
668 2341 697 2392 et
715 2340 854 2409 singulari
871 2337 954 2390 modo
974 2341 1090 2388 externa
1109 2331 1151 2387 ita
1172 2334 1319 2387 constitua-

238 2434 298 2493 rat,
317 2435 348 2482 ut
365 2434 485 2496 amicos,
520 2432 626 2484 liberos
645 2435 884 2492 conmemoraret,
923 2445 1008 2497 opes,
1039 2426 1173 2490 diuitias,
1193 2443 1264 2495 quas
1281 2424 1321 2479 bic

238 2518 336 2574 Cicero
356 2519 514 2592 ponit'uon
533 2523 709 2594 nominaret;
730 2523 786 2577 uid.
806 2524 841 2575 ad
859 2522 894 2575 67
913 2528 940 2572 et
958 2518 1002 2573 68.
1040 2520 1081 2572 No
1101 2519 1192 2571 ceteri
1214 2520 1321 2590 quiden

240 2611 435 2682 Peripatetici,
462 2615 510 2687 qni
529 2624 644 2669 externa
662 2615 841 2668 instrumenti
859 2615 921 2667 ioco
940 2612 1104 2675 habebant,
1143 2611 1199 2665 iiia
1220 2611 1321 2666 rationo

239 2721 309 2774 sepe
327 2705 369 2758 usi
388 2704 527 2771 uidentur,
545 2715 576 2760 ut
594 2706 719 2776 corporis
737 2707 892 2765 commoda,
911 2703 1114 2767 {ualetudinem
1132 2703 1320 2775 integritatem

239 2813 370 2849 sensuum
388 2798 509 2851 externis
524 2799 624 2851 confici
642 2797 775 2852 dicerent.
812 2798 867 2850 Sed
886 2806 980 2851 tumen
999 2796 1040 2848 rei
1059 2812 1076 2847 a
1097 2797 1247 2850 ueteribus
1263 2793 1318 2866 pbi-

239 2887 364 2958 iosopbis
381 2887 422 2941 sic
440 2889 581 2942 interdum
601 2888 729 2959 expositor
749 2890 871 2960 uestigio
895 2890 964 2943 satis
982 2886 1134 2941 manifesta
1154 2887 1315 2952 nuntiabo,

238 2981 373 3047 quelli,
405 2981 440 3034 ‹19
456 2981 596 3051 Diogenes
616 2982 728 3034 Stoicus
746 2981 883 3035 censuisse
903 2981 1022 3044 dieitur,
1048 2977 1165 3034 diuitias
1186 2979 1314 3036 ualetudi-

237 3087 301 3122 nem
320 3072 423 3124 bouum
444 3072 596 3128 continere.
637 3079 669 3125 In
689 3074 784 3127 uerbis
804 3092 888 3127 unum
909 3072 1035 3126 notabile
1056 3078 1100 3135 st,
1134 3075 1212 3142 quod
1231 3072 1318 3128 Cicero

167 3181 172 3188 ’
239 3163 444 3234 perspicuitatis
464 3183 562 3218 caussa
582 3166 656 3230 ine,
677 3166 750 3235 quod
772 3168 799 3218 in
822 3165 1043 3218 demonstratiuo
1064 3166 1239 3233 pronomine
1258 3166 1320 3220 iico-

238 3256 297 3320 bat,
315 3262 380 3309 onte
401 3275 479 3331 quom
496 3255 606 3326 posuit,
627 3263 670 3320 et,
689 3275 773 3326 quom
794 3259 851 3309 hec
868 3256 1005 3310 sententia
1022 3254 1169 3310 subesset:
1189 3277 1270 3333 quon
1285 3257 1322 3310 ta

238 3364 282 3398 res
300 3348 338 3399 od
348 3366 447 3418 corpus
461 3349 709 3418 pertiueutcabono
721 3351 784 3413 sint,
803 3355 908 3413 tamon,
927 3349 991 3418 quia
1008 3349 1325 3405 nouisatiue‘diecratur

239 3437 297 3489 boec
322 3442 460 3508 corporis,
499 3442 621 3509 eorporis
641 3443 675 3494 ad
699 3443 767 3492 boun
785 3441 919 3494 adiunxit.
957 3443 1007 3494 ,In
1027 3440 1073 3493 his
1092 3439 1204 3495 [ibinus
1223 3444 1325 3497 barm

237 3528 363 3597 scripsit:
382 3551 461 3606 quom
478 3534 545 3600 berc,
565 3536 749 3602 putabatque,
768 3534 946 3587 scribendum
968 3532 1089 3585 tortasse
1103 3550 1182 3586 esse:
1203 3537 1256 3588 sed
1273 3536 1326 3588 bae

238 3623 361 3687 corporis
378 3641 456 3691 quom
474 3626 543 3679 bona
562 3628 624 3679 sint.
679 3625 824 3677 Ernestius
841 3626 898 3676 doec
919 3625 1007 3676 deleri
1028 3626 1165 3688 uolebat,
1203 3628 1248 3682 iro
1268 3646 1325 3682 aea·

237 3710 354 3764 tentiam
372 3731 523 3769 enarrans:
559 3736 645 3787 quom
663 3715 787 3785 corporis
807 3718 931 3786 quedam
951 3718 1026 3769 bono
1045 3724 1163 3771 statuas.
1211 3720 1326 3773 Beierur

238 3802 274 3854 ud
292 3803 347 3857 ou.
365 3811 396 3869 1,
434 3808 468 3858 dl
488 3827 514 3879 p.
535 3809 587 3862 1⁰8
604 3809 643 3863 sic
660 3810 748 3862 uerba
767 3808 1002 3880 interpungebuts
1022 3810 1072 3860 aed
1089 3808 1150 3861 doec
1170 3811 1327 3880 (exterra),

238 3910 316 3960 quom
334 3900 456 3964 corporis
474 3901 543 3953 bonu
563 3904 616 3953 sint
637 3902 735 3974 (quom
756 3902 880 3971 corporis
910 3901 986 3954 buna
1011 3917 1117 3954 reuera
1144 3903 1222 3956 bona
1249 3905 1325 3969 siat),

236 3999 328 4036 eorum
346 3991 519 4054 conficientia
540 3993 610 4058 dcc,
646 4012 700 4047 non
719 3993 967 4064 animaduertens,
988 3992 1038 4044 illu
1057 3999 1085 4046 et
1104 3993 1166 4045 ttoec
1184 3994 1326 4050 conum·

237 4089 314 4138 esse,
351 4095 402 4131 nac
420 4083 480 4136 ulio
508 4088 590 4139 modo
616 4086 674 4137 bue
695 4104 839 4138 -eorum
869 4086 1044 4151 conficientia
1071 4085 1208 4157 coniungi
1238 4104 1323 4159 posse,

235 4170 279 4219 tot
295 4167 389 4222 uerbis
407 4168 757 4231 interdemonstratiooem
778 4186 805 4230 ot
821 4178 860 4241 id,
878 4179 953 4246 quod
968 4178 1222 4246 demonstraretur,
1241 4179 1323 4234 iotar-

236 4258 342 4325 positis.
380 4264 465 4318 Gaius
484 4268 568 4336 plane
585 4268 793 4323 incredibiliter
810 4269 976 4331 aberrauit,
1006 4266 1157 4325 iraeadem
1176 4278 1246 4326 nota
1261 4283 1321 4325 uror

234 4365 363 4418 narrans,
388 4357 513 4426 corporis
538 4359 613 4413 buna
645 4362 821 4416 conficientia
849 4379 908 4416 esse
941 4362 1117 4428 amicornm,
1154 4361 1318 4423 liberorum,
