2706 5018
346 332 407 401 E'l'
430 332 540 399 MAL.
563 331 647 399 ΗΒ.
670 335 701 398 V
725 332 821 399 ctu.
843 338 894 398 22.
1061 394 1066 402 .
1102 343 1166 403 727

96 528 188 615 probet
211 542 309 616 atque
333 527 463 606 laudet,
500 548 564 613 qua
589 549 653 592 non
679 529 775 591 ruodo
799 528 925 591 utilitas
950 530 1041 592 nulla
1065 552 1164 615 quae-

96 637 173 712 ritur,
194 635 251 700 aed
277 648 388 699 contra
412 634 588 700 utilitatem
613 636 711 697 etium
737 649 949 697 conseruntur
973 634 1066 698 siries.
1110 640 1161 699 ot.

96 735 209 803 salibus
234 740 398 827 exemplis
420 763 483 805 non
508 737 604 805 fiotue
625 739 731 803 solunt
754 739 899 817 sabariae,
924 764 1037 804 ueruur
1062 745 1160 805 etiarn

96 845 228 909 rintoriae
248 845 389 911 refertae
410 860 499 921 eunt,
522 859 555 909 et
575 847 705 931 quidem
725 869 881 910 nruxuuro
908 862 1049 911 nostrae.
1093 847 1162 911 Nos

96 950 160 1015 ruint
181 950 222 1014 ad
245 973 340 1015 ιιιοιιι
361 951 461 1017 idaea
489 952 680 1036 accipienda
710 968 877 1040 optuuruur
904 955 1011 1016 uirum
1036 950 1161 1036 delegi·

128 1143 158 1189 tt
171 1143 269 1189 Talibur
284 1164 312 1177 -
327 1144 431 1199 referte)
445 1146 506 1190 Non·
523 1156 545 1200 p.
566 1145 607 1188 iba
624 1145 678 1198 (red
693 1147 776 1197 ettam)

96 1303 143 1370 id,
158 1306 184 1374 5,
201 1307 269 1362 Par.
288 1308 315 1373 1,
334 1307 362 1374 8,
378 1310 408 1363 0.
428 1309 460 1362 C.
485 1309 518 1362 C.
536 1309 620 1379 uup,
639 1307 740 1363 (ieiuni
759 1318 858 1381 pretor
878 1310 943 1376 trie)
963 1317 991 1363 et
1010 1309 1160 1363 adducit.

96 1400 108 1446 t
121 1399 275 1464 quandauer
307 1400 335 1454 in
355 1402 450 1454 codiee
468 1403 490 1455 Ι.
510 1400 558 1454 Fr.
579 1401 708 1455 Grououi
728 1409 755 1456 et
774 1403 864 1456 tribur
884 1402 1004 1471 optunrie
1024 1401 1077 1454 Gzi
1097 1406 1160 1454 erat

96 1491 107 1537 t
121 1491 254 1561 prtundone
273 1490 316 1558 (iu
332 1492 392 1544 Eri.
413 1494 470 1545 mei
489 1497 643 1549 conlatorie
663 1498 755 1551 aciem
778 1495 915 1549 fefellisse
943 1494 1054 1546 uidetur
1072 1512 1090 1543 n
1110 1510 1160 1562 pro

96 1580 264 1651 turipum),
287 1584 361 1652 quod
379 1583 451 1637 nibil
472 1592 514 1638 eet
534 1587 586 1639 uiri
607 1587 710 1657 iprum,
729 1589 803 1656 quod
825 1585 954 1640 Durrieine
973 1583 1084 1637 reatitui
1103 1585 1160 1637 iuu-

96 1666 128 1734 ii,
143 1674 314 1748 eequandorre
331 1675 373 1729 eie
390 1677 538 1746 seriptum,
557 1685 588 1732 ut
607 1680 635 1732 in
655 1680 798 1734 codicibus
818 1679 964 1748 plerisque
982 1674 1160 1729 eeribieoiet.

96 1761 171 1818 leeeer
189 1767 329 1820 rariorem
346 1776 448 1838 preter
466 1772 559 1824 Uellei
578 1774 674 1826 ineunt
693 1789 825 1827 maronie
840 1767 969 1840 Properti
984 1784 1080 1819 nereus
1095 1770 1159 1819 tue·

95 1867 129 1919 ιι,
144 1856 328 1929 eimiiiterque
344 1878 378 1912 ne
397 1878 429 1913 ex
449 1862 605 1917 abundanti
622 1865 735 1919 additur
754 1865 781 1916 iu
793 1871 919 1916 utrumne
938 1869 965 1914 et
980 1877 1060 1911 unae.
1092 1858 1159 1909 indo

96 1946 226 2003 dinanuo
248 1953 386 2005 edebatur
404 1957 565 2022 quantiano,
585 1957 689 2010 onrieen
708 1965 751 2022 et,
769 1957 850 2009 nttllu
870 1953 1027 2013 sententium
1066 1967 1157 2018 neque

96 2036 143 2091 tin
157 2042 253 2095 Pironi
270 2043 339 2096 rotie
366 2052 428 2097 erat
454 2047 578 2099 aiterum
597 2064 612 2098 e
630 2048 758 2112 duobus,
797 2055 847 2100 aut
872 2062 945 2117 rape
970 2045 1024 2096 boe
1042 2042 1089 2112 agi
1108 2048 1159 2095 aut

95 2140 133 2181 u
150 2150 280 2188 ιιιιιιιιιιι
298 2134 496 2191 admiratione.
534 2140 608 2192 titud
629 2142 747 2193 dubium
768 2139 858 2193 uideri
880 2137 984 2209 possit,
1003 2141 1099 2189 utrum
1117 2134 1159 2186 eie

96 2221 154 2276 arte
172 2225 333 2297 interpungi
360 2229 497 2282 debeantr
528 2233 652 2305 prrotiene
677 2233 729 2285 irae
756 2232 873 2299 agitur!
911 2228 1085 2297 ecquandone
1105 2225 1161 2277 aiei

96 2309 316 2370 intremunt
353 2336 406 2384 an,
426 2327 456 2372 ut
476 2338 528 2390 ego
551 2341 614 2375 euin
635 2323 735 2377 cetaria
754 2322 860 2392 arripui.
895 2322 968 2375 Num
988 2327 1050 2388 port
1068 2318 1157 2370 iilud:

98 2418 145 2457 Ιιιιι
165 2416 255 2461 autern
290 2411 372 2463 etiam
406 2411 459 2466 dre.
497 2419 662 2482 expectatur
688 2415 852 2468 huiusmodi
877 2410 1021 2466 tententiae
1048 2409 1156 2462 exitur:

96 2504 172 2550 erate
189 2501 386 2555 admirationes
415 2505 533 2555 excitari
557 2507 665 2557 soient!
702 2506 731 2560 Si
759 2507 847 2575 igitur
874 2504 998 2573 priorem
1015 2500 1157 2553 rationem

96 2588 222 2656 lenimur,
248 2593 313 2646 Pieo
332 2595 491 2648 oratiouenr
510 2596 659 2648 interiectu
680 2601 765 2664 poitur
782 2597 935 2648 uerborum
954 2593 1155 2659 interruptam,

96 2688 130 2737 ΙΙ
144 2684 219 2735 uuita
239 2685 352 2738 uiueuio
372 2705 435 2741 ιιιιιι
462 2687 577 2740 reiieuie
601 2687 830 2757 coniunguntur,
866 2703 921 2738 non
942 2684 1041 2735 eadem
1062 2682 1156 2733 iormu

96 2763 202 2838 holuit,
238 2778 286 2829 eed
309 2776 449 2848 primurn,
477 2796 532 2831 non
554 2781 642 2832 eernel
663 2780 808 2833 etiterum
828 2779 882 2832 bot·
903 2774 966 2828 iieri
984 2773 1156 2844 significans,

96 2862 219 2920 minet:
245 2870 370 2936 quotient
387 2869 438 2922 doe
457 2871 573 2938 agitur!
591 2871 691 2923 deinde
709 2870 797 2930 addit,
817 2881 909 2922 tauron
931 2883 1084 2936 numquam
1104 2863 1156 2916 uiri

96 2959 199 3012 urunt·
219 2959 455 3014 admirationibus
482 2962 539 3031 agi.
577 2964 607 3015 Ιιι
627 2966 720 3017 altera
738 2979 849 3032 quoque
874 2959 985 3013 ratione
1003 2964 1069 3010 unte
1086 2973 1153 3024 quo-

96 3037 138 3099 'W
159 3050 286 3105 rubuistit
312 3053 441 3105 nonnihit
468 3054 559 3107 oratio
588 3072 639 3108 neo
664 3055 840 3125 superiorem
867 3054 990 3105 iornraur
1009 3049 1154 3119 aequitum

96 3148 154 3206 tque
170 3144 244 3197 eninr
263 3148 330 3213 apte
349 3146 506 3198 coituroutr
525 3164 603 3214 quam
625 3148 713 3199 eritne
733 3149 827 3212 datar,
845 3146 969 3219 quotient
984 3142 1154 3208 deregitur,

96 3222 193 3288 iteraret
213 3237 301 3305 fiunt.
357 3239 446 3290 Reate
476 3243 570 3292 tamen
593 3242 620 3292 iu
639 3241 695 3292 bno
713 3236 823 3292 ratione
841 3254 855 3288 o
874 3235 1012 3289 sententia
1031 3230 1154 3303 relatiua

96 3328 233 3382 eruente
251 3328 389 3402 (quotient
406 3332 516 3398 agitur)
535 3332 650 3385 auditur
670 3332 789 3384 uerbum
804 3329 877 3380 idem
894 3329 921 3379 in
940 3325 1081 3379 uenientia
1095 3323 1154 3393 pri—

96 3413 167 3483 iltie,
185 3421 260 3491 quod
281 3421 314 3474 ut
333 3420 420 3473 etiam
440 3423 526 3477 Tura
545 3423 576 3485 1,
595 3422 646 3474 182
666 3422 720 3487 Qui
736 3421 878 3474 dieeedere
897 3421 1015 3471 arrimarn
1033 3424 1152 3479 enitent,

96 3498 120 3558 iii
134 3514 224 3564 etutirn
241 3513 386 3580 dirrupnri
394 3549 405 3573 ,
423 3515 475 3565 aiii
492 3514 540 3565 diu
555 3531 736 3582 pernarrare,
754 3515 807 3566 atii
823 3531 928 3582 temper
948 3511 1105 3577 (renuent),
1126 3515 1155 3560 et

96 3602 142 3654 nt
157 3604 210 3657 ⁴52
248 3604 320 3656 Nem
339 3606 474 3673 quonium,
493 3604 625 3680 quidquid
644 3614 694 3671 eet,
714 3608 786 3682 quod
806 3606 832 3658 in
853 3605 1042 3658 controuersia
1061 3607 1110 3653 aut
1126 3601 1153 3650 in

96 3696 231 3750 untione
248 3704 392 3762 recreetur,
412 3699 440 3749 in
459 3716 489 3749 eo
509 3705 576 3759 ortt,
596 3699 676 3763 ritae,
697 3705 756 3760 aret,
777 3699 843 3766 quid
864 3701 910 3760 rit,
929 3704 987 3758 urit,
1006 3695 1087 3763 puuie
1107 3692 1152 3753 rit,

96 3787 202 3850 teritur,
221 3789 304 3850 ritae,
324 3790 414 3858 signia
432 3786 605 3860 (atteritur),
623 3792 689 3859 qaid
707 3792 753 3854 eit,
772 3791 988 3855 definitionibue,
1008 3786 1088 3859 ponte
1107 3785 1152 3843 rit,

96 3878 280 3953 rttprnutpue
295 3882 432 3948 partitae.
489 3882 592 3935 Pontio
618 3887 681 3953 poet
707 3883 772 3956 prtia
791 3865 928 3934 artarer
949 3880 1010 3930 Eri.
1031 3883 1059 3928 et
1078 3873 1151 3943 Spir·¹

96 3971 220 4041 tpuibue
239 3979 332 4026 tumen
354 3979 425 4037 erut,
446 3979 476 4026 ut
495 3992 567 4026 nuno
586 3974 717 4043 adparet,
737 3973 818 4047 qui),·
837 3969 922 4025 ceteri
941 3967 988 4045 piri
1003 3984 1066 4021 non.

128 4063 171 4118 di.
210 4063 269 4116 Nor
288 4066 358 4117 enirn
375 4066 413 4117 ud
431 4083 513 4117 suoru
532 4064 601 4131 dre.)
638 4064 736 4118 Prinna
754 4064 886 4133 exempla
905 4081 960 4115 nou
984 4060 1153 4115 commodia-

96 4168 139 4207 ne
155 4157 267 4210 deiectu
288 4157 441 4217 uidentur,¹
478 4173 544 4210 natu
562 4161 676 4210 renatus
702 4174 788 4226 quant
816 4157 933 4209 oraculo
955 4157 1154 4222 obtemperant

96 4248 206 4303 anun
227 4248 322 4304 uirum
340 4250 481 4320 deligaret
498 4252 539 4318 (u.
559 4247 629 4315 tot,
655 4250 687 4304 Ρ.
710 4247 874 4303 cornelium
893 4247 1055 4318 Scipionem
1071 4242 1152 4298 Nori·
1249 4279 1256 4288 .

96 4342 144 4405 ιιι),
159 4339 188 4395 iu
207 4356 264 4412 qua
291 4357 322 4394 re
341 4339 457 4397 utilitati
478 4358 533 4399 rue
551 4341 728 4400 boueeteteur
748 4339 940 4412 perpatuerit,
960 4341 1073 4405 arripio
1093 4351 1153 4388 rna·
