2730 5016
127 365 192 427 su
481 357 542 423 DE
564 353 742 422 FINIBUS
764 352 869 423 BON.

132 577 202 623 esse
231 575 298 619 aon
323 561 432 639 potest
463 555 512 637 (c.
541 556 590 637 8).
656 550 730 617 Nec
753 561 863 616 tossen
884 547 1056 636 prohandi
1078 558 1155 614 snsst
1174 550 1203 613 ih

129 658 333 748 philosophi,
375 665 435 746 qni
460 665 510 725 sic
541 678 693 722 massono
715 657 830 722 honnus
850 663 887 721 in
908 662 1019 722 anisso
1036 676 1203 741 possimos

133 776 172 832 nt
193 767 317 832 nullane
338 786 446 830 seruos
468 764 694 846 differentiani
715 784 787 830 esse
808 763 978 839 dicerent3
1026 782 1104 828 nass
1123 768 1161 826 in
1182 783 1203 826 ss

32 868 51 889 '
134 876 521 949 lectioneearonssesoos‚
536 869 870 956 qnasontsecnndsses
879 877 1047 950 naturam,
1064 876 1203 933 etcasstss

135 986 259 1044 aaroni
289 983 470 1044 reiectione
490 978 670 1062 prodentia
692 985 727 1041 et
744 982 852 1042 uictos
865 980 983 1060 posito
1006 983 1049 1040 st.
1091 967 1203 1059 'Itaqs

135 1107 289 1151 snssssuos
322 1084 438 1149 honuni
467 1093 499 1149 st
525 1090 641 1149 stum
671 1088 846 1147 scientiane
878 1078 1090 1147 adhihenteus
1123 1100 1203 1145 ears

137 1212 263 1271 reram,
288 1211 358 1277 qnoe
380 1199 503 1255 natura
529 1195 704 1268 eueniant,
723 1191 939 1274 seligentem,
959 1205 1035 1273 qna
1059 1186 1203 1252 secunde

136 1307 308 1377 noioeane,
331 1306 363 1360 et
387 1315 460 1382 qao
484 1305 601 1361 contra
625 1304 778 1360 nmusaes
800 1299 877 1371 sint,
899 1297 1093 1358 reicienteus
1115 1295 1203 1378 (ct

140 1403 301 1468 Actiones
331 1410 440 1466 anteon
468 1399 613 1467 honesta
635 1407 709 1486 ipsa
730 1405 957 1485 susceptione,
1005 1418 1073 1464 non
1095 1396 1203 1476 eesect

139 1507 325 1572 laudabiles
360 1515 438 1571 sant
468 1504 580 1590 (ild).
633 1507 758 1572 Bonnos
782 1505 953 1591 Diogenes
974 1505 1203 1570 cousuodissss

141 1611 294 1691 definiit,
339 1613 377 1677 id
413 1613 500 1698 quad
529 1623 615 1678 esset
655 1622 778 1680 natura
809 1610 1003 1677 nhsalntees.
1071 1600 1132 1677 hd
1164 1609 1203 1675 ho

143 1724 308 1783 notionem
347 1725 560 1804 peruenitur,
614 1740 707 1805 quaes
742 1724 871 1783 ani-os
907 1718 1098 1782 conlatione
1137 1724 1203 1782 rati

140 1831 193 1889 nis
233 1826 385 1890 ascendit
422 1825 465 1890 ah
495 1833 539 1891 iis
557 1823 672 1906 relies,
717 1833 893 1911 quaeunt
925 1824 1102 1889 secundnm
1143 1831 1201 1887 nat

140 1952 220 1996 ran.
287 1931 413 1995 Bonum
446 1939 554 1996 anteon
589 1953 610 1996 a
641 1937 759 1995 cetenis
792 1929 908 2008 echas,
952 1949 1026 2015 qna
1056 1927 1203 1995 astsnal

141 2039 189 2100 les
210 2043 305 2113 sont,
348 2056 414 2100 non
435 2038 564 2122 gradu,
608 2036 668 2101 sed
693 2057 816 2120 genere
837 2035 956 2115 differt
976 2043 1011 2100 et
1028 2056 1121 2100 saeos
1141 2032 1203 2097 hah

140 2146 308 2224 propriam
339 2149 594 2207 astumationess
626 2142 670 2221 (c.
703 2145 770 2224 1⁰).
835 2140 1141 2206 Pertarhationihns
1164 2157 1203 2201 cn

142 2253 205 2324 osi,
249 2267 319 2330 qua
340 2252 494 2330 opinione
526 2256 778 2326 conmanentes,
824 2267 889 2312 non
923 2256 1064 2324 natura,
1111 2248 1203 2330 sapiet

143 2372 268 2436 semper
288 2358 392 2415 uacat
410 2351 527 2434 (ild).
598 2353 714 2431 Omna,
758 2353 845 2439 qnod
866 2352 1035 2417 honestans
1057 2358 1124 2431 sit,
1149 2363 1203 2433 pti

137 2465 270 2541 plesse
294 2458 511 2541 expetendam
533 2479 623 2538 esse,
665 2459 753 2545 quod
775 2468 888 2543 impe,
918 2456 1141 2544 fugiendum,
1168 2445 1203 2528 hl

146 2561 278 2626 cillsome
315 2564 524 2647 intellegitur
564 2583 609 2628 en
650 2571 812 2630 consessui
849 2561 1012 2628 hominess
1051 2562 1203 2628 indiciot

143 2687 259 2745 senso,
291 2673 406 2754 quiin
430 2670 560 2754 agendo
583 2670 726 2755 adparet
745 2672 793 2754 (c.
810 2673 877 2755 ll).
930 2669 1016 2749 (Hic
1039 2687 1085 2733 en
1112 2665 1203 2730 cios·

145 2780 197 2838 nis
221 2794 365 2858 persona
386 2773 495 2839 hreais
510 2782 731 2860 interponitor
754 2776 795 2841 de
816 2781 945 2840 nomine
964 2781 1032 2840 soiti
1053 2769 1203 2858 digressis·⁴

146 2878 243 2942 Inter
277 2876 407 2944 Stoicos
443 2890 475 2945 et
516 2882 756 2966 Peripateticos
794 2905 919 2961 snum,
966 2902 1033 2946 non
1070 2876 1203 2944 heroon·

146 2989 370 3050 controuersia
398 2995 447 3061 st,·
495 3008 569 3051 seam
590 2993 626 3051 in
651 2990 945 3073 Peripateticorum
973 2988 1126 3051 doctrina
1146 2972 1203 3056 aoht

145 3111 209 3155 non
230 3101 356 3175 potest,
400 3102 438 3156 nl
459 3078 590 3175 sopiens
611 3115 736 3178 semper
757 3094 872 3159 heatus
892 3100 955 3169 sit‚·
983 3102 1016 3157 el
1038 3110 1145 3156 eoraes
1165 3096 1203 3150 stt

146 3190 259 3261 tentia
280 3199 368 3262 alins
392 3199 460 3262 alio
485 3197 613 3262 heatior
637 3209 703 3277 est,
737 3197 848 3265 Stoici
867 3219 1016 3263 crescere
1038 3190 1203 3263 occeani

145 3310 212 3364 tosa
242 3311 368 3387 negant
390 3325 506 3386 posse,·
553 3326 628 3367 oscos
664 3311 767 3368 omnis
808 3304 1042 3369 commodarum
1085 3296 1203 3366 odensi

147 3425 220 3489 qna
241 3406 288 3470 ad
309 3414 463 3471 nielsoteos
487 3411 581 3473 adici
593 3418 726 3494 potest,
760 3417 831 3475 eins
853 3410 1026 3495 splendore
1052 3406 1203 3473 obscuros

147 3512 192 3588 (a.
217 3513 278 3590 12,
308 3515 368 3592 13,
391 3518 466 3578 init.
494 3518 561 3597 14).
616 3516 724 3578 Recto
747 3523 835 3579 actio
860 3535 924 3579 nan
948 3520 1088 3589 crescit,·
1134 3517 1203 3589 ἄψ

147 3621 219 3679 nita
241 3616 339 3683 beata
360 3619 465 3684 nihilo
490 3627 596 3706 magis
618 3622 806 3705 expetendo
828 3629 875 3699 st,
898 3625 930 3683 si
950 3621 1074 3704 longa,
1099 3627 1203 3703 qnae*

147 3719 257 3786 hreois
282 3724 326 3803 (c.
350 3727 416 3808 14).
472 3724 546 3789 Nec
569 3728 656 3791 alios
680 3728 750 3790 alio
773 3732 954 3812 sapientior
979 3733 1048 3804 est,
1077 3746 1138 3788 nee
1156 3716 1203 3785 sh’t

146 3827 215 3889 alio
239 3834 345 3912 magis
365 3840 494 3914 peccat.
551 3828 621 3896 Sed
641 3837 707 3896 etsi
725 3852 785 3896 nec
814 3838 955 3896 ns'rtntes
980 3851 1041 3894 nec
1065 3835 1149 3896 ahia
1169 3838 1203 3889 Μ

147 3939 258 4010 soant,
303 3942 473 4021 octenosque
496 3947 605 4001 tamen
628 3958 737 4002 eonem
751 3938 917 4015 funditor
938 3937 1078 4025 quadan
1099 3930 1203 4000 noto«

149 4035 312 4101 dilatator
330 4040 440 4124 (ihd.);
499 4041 649 4107 Diuitias
671 4042 841 4130 Diogenes
858 4053 956 4127 putat
979 4043 1027 4108 ad
1047 4042 1203 4127 sotopssto

148 4150 182 4207 et
198 4144 420 4210 ualetudinem
442 4168 507 4211 non
529 4151 631 4213 saluos
654 4150 753 4214 doceo
777 4171 867 4228 esse,
898 4150 958 4214 sed
979 4170 1038 4214 eas
1065 4152 1203 4213 contina

147 4254 182 4312 in
206 4249 334 4316 artibus
358 4261 393 4316 et
413 4260 449 4316 ia
471 4261 595 4320 nirtote
618 4277 682 4320 oon
708 4257 842 4321 eandem
868 4261 934 4321 isim
968 4254 1091 4322 hahere
1111 4257 1153 4339 (e.
1171 4244 1203 4328 1⁸,

147 4354 279 4429 Deinde
315 4361 503 4445 septicatns·
540 4384 561 4426 o
593 4361 717 4428 Stoicis
759 4362 954 4442 differentia
995 4382 1123 4436 rerum
1166 4368 1203 4421 nd
