2706 5018
561 338 812 405 rmasnrro.
1138 350 1239 419 rxv

161 558 202 600 occ
218 536 341 599 obscure
368 536 448 619 ipse
467 536 501 617 (3
524 535 576 618 10)
599 536 738 601 eundem
759 532 948 623 significare
969 540 1112 619 uidetur,
1135 566 1232 630 quem

158 648 181 706 in
191 640 258 705 lihro
277 641 391 725 primo
404 640 450 704 de
468 654 584 705 natura
600 643 736 707 deorum
760 654 893 707 secutus
917 656 977 707 est.
1024 644 1063 711 Ιιι
1088 653 1232 717 secundo

154 748 424 835 iihroquamquam
447 748 585 814 liberior
608 763 659 813 est
682 749 816 836 Epicuri
840 751 1012 815 insectatio
1038 774 1231 843 corumque,

86 885 90 909 ·
154 883 206 947 qoae
223 861 259 924 ad
276 862 441 923 uirtutem
455 856 747 921 commendandam
768 857 941 937 dicuntur,
963 863 1158 940 exornatio,
1182 875 1231 927 ta-

151 991 205 1032 nen
224 970 319 1031 etiam
346 987 406 1041 ea,
440 984 513 1051 quse
537 963 643 1028 uideri
665 966 792 1048 possint
815 961 856 1028 ab
881 967 954 1051 ipso
976 970 1187 1055 excogitata,
1210 994 1230 1036 a

149 1074 249 1139 Grecis
270 1087 405 1157 sumpta
427 1091 522 1150 esse,
570 1068 728 1157 exemplo
758 1083 788 1133 st
810 1069 914 1149 illud,
961 1074 1047 1158 quod
1068 1076 1103 1138 in
1125 1080 1144 1155 0
1166 1080 1230 1141 100

148 1182 459 1246 connrcmorauimus.
525 1174 595 1242 Nec
618 1176 761 1241 dnhitari
784 1189 914 1262 potest,
958 1181 1037 1263 quin
1068 1201 1228 1246 maxuma

146 1308 206 1372 pars
225 1286 409 1372 Chrysippo
429 1283 591 1350 debeatur
604 1286 637 1367 (0
657 1284 726 1366 ts),
748 1286 821 1348 siue
847 1305 892 1348 ex
916 1287 988 1349 cius
1012 1287 1118 1371 ipsius
1142 1284 1229 1352 libro

145 1414 176 1455 ea
193 1390 304 1456 Cicero
326 1394 496 1477 excerpsit
526 1393 598 1454 siue
632 1412 678 1454 ex
704 1389 861 1471 alicuius,
907 1394 963 1477 qui
991 1412 1066 1455 eum
1095 1405 1228 1456 secutus

144 1510 210 1561 erat.
253 1496 305 1561 Dc
330 1500 430 1561 tertio
460 1495 547 1561 libro
567 1498 757 1583 expositum
789 1511 819 1561 st
848 1500 880 1562 in
916 1519 1061 1564 excursu
1095 1501 1226 1584 quint03

144 1616 277 1688 quartum
318 1617 352 1667 et
390 1606 540 1690 quintum
579 1615 667 1669 totos
699 1602 742 1667 ab
774 1604 941 1670 Antiocho
984 1626 1057 1669 esso
1091 1620 1125 1669 et
1153 1608 1224 1688 ipse

141 1710 268 1775 ostendit
281 1708 400 1775 Cicero
422 1722 455 1773 et
476 1710 599 1774 dictum
619 1722 651 1775 st
670 1710 711 1774 de
729 1733 769 1775 ea
789 1733 824 1775 re
844 1713 879 1776 in
899 1732 1045 1776 excursor
1064 1726 1226 1799 septumo.

216 1820 291 1896 Η.
340 1818 485 1880 Ferreus
506 1818 560 1893 sit,
583 1838 681 1903 quern
707 1838 771 1880 non
799 1829 932 1881 moueat
954 1819 1067 1905 imago
1089 1816 1223 1883 Cicero·

140 1924 180 1985 uis
200 1924 284 1986 inter
305 1925 532 2009 granissumas
556 1944 668 2003 curas,
717 1944 763 1986 ex
795 1921 944 1987 honestis
967 1928 1093 1989 caussis
1124 1936 1225 2004 ortas,

138 2028 171 2091 de
187 2027 399 2113 philosophia
429 2028 603 2093 scrihendo
625 2028 780 2094 solatium
805 2030 976 2114 capientis.
1025 2030 1089 2097 Sed
1114 2042 1225 2097 tamen

135 2155 190 2197 oon
214 2147 287 2198 erat
317 2158 357 2200 ea
387 2137 489 2200 animi
521 2148 770 2221 temporumque
798 2135 947 2199 condicio
976 2139 1158 2223 aptissuma
1181 2138 1223 2202 ad

133 2238 209 2307 hanc
220 2244 404 2321 materiam,
424 2244 456 2307 ei
478 2244 671 2327 presertim,
696 2243 802 2327 quiin
824 2240 888 2306 hoc
902 2264 1024 2327 genere
1046 2244 1225 2331 cogitandi,

131 2370 187 2433 qno
228 2353 309 2435 ipsae
345 2351 497 2412 notiones
527 2351 617 2413 omni
648 2348 793 2412 detracto
831 2347 1003 2413 inuolucro
1044 2347 1224 2415 artificiose

130 2470 316 2533 tractantur,
331 2477 395 2519 non
414 2467 503 2520 esset
521 2457 839 2519 exercitatissumus.
882 2452 1009 2539 ltaque,
1027 2456 1093 2518 nisi
1110 2475 1225 2541 super·

128 2564 245 2626 stitiosi
275 2564 394 2626 merito
417 2560 481 2625 dici
503 2560 677 2639 nolumus,
709 2559 931 2626 confitendum
954 2575 985 2625 st
1008 2572 1141 2645 aperte,
1171 2582 1224 2624 ac·

128 2668 241 2733 cidisse
263 2668 427 2733 interdum
452 2665 623 2743 Ciceroni,
646 2689 717 2753 quoe
737 2670 770 2731 in
791 2667 851 2731 tali
874 2688 990 2731 caussa
1015 2666 1224 2753 expectanda

126 2787 227 2839 erant.
269 2772 356 2838 Nam
378 2773 555 2852 interdum,
577 2795 675 2859 qnom
696 2774 866 2839 incidisset
881 2777 916 2836 in
934 2794 987 2836 res
1010 2775 1224 2858 spinosiores,

126 2881 267 2965 quedam
301 2883 400 2944 nimis
431 2877 576 2943 breuiter
606 2890 639 2942 et
662 2878 801 2943 obscure
832 2879 1019 2962 excerpsit,
1067 2896 1222 2940 maxume

126 2988 156 3051 iu
175 2985 260 3051 libro
284 2990 383 3051 tertio
406 2994 459 3065 (nt
482 2987 587 3069 capite
609 2998 760 3071 septumo
786 2984 925 3070 aliisque
951 2981 1060 3065 locis),
1084 2980 1151 3071 alia
1175 2983 1223 3046 sic

125 3096 242 3175 posuit,
266 3106 304 3156 ut
324 3114 391 3157 non
411 3094 495 3156 satis
519 3093 704 3175 adpareret,
726 3112 791 3176 quo
814 3102 1000 3176 spectarent
1022 3093 1074 3168 (ut
1096 3085 1158 3166 111,
1180 3088 1223 3152 00

126 3212 155 3261 et
174 3202 251 3281 40),
290 3200 324 3262 in
344 3198 537 3285 quibusdam
562 3219 627 3262 non
651 3201 733 3263 satis
757 3197 905 3263 adtendit
926 3197 967 3260 ad
990 3195 1222 3281 disputationis

126 3326 331 3391 progressum
347 3307 397 3386 (ut
420 3307 454 3368 in
474 3301 531 3367 lih.
558 3303 602 3383 V,
625 3306 691 3387 40),
714 3303 882 3368 nonnuliis
902 3303 985 3367 locis
1010 3315 1220 3388 argumento·

125 3432 189 3475 rum
210 3414 342 3475 ratione
363 3408 592 3475 conclusorum
613 3412 753 3475 formum
770 3424 803 3475 et
826 3412 893 3473 uim
916 3432 1032 3496 parum
1054 3411 1221 3499 expressit

124 3518 169 3599 (ut
190 3514 235 3593 ΙΙ,
256 3519 333 3595 100,
352 3514 414 3597 ΙΙΙ,
435 3517 498 3594 28,
520 3514 588 3595 lV,
607 3518 666 3595 5⁰)
678 3561 689 3597 ,
713 3537 779 3581 uno
804 3528 838 3579 et
859 3514 965 3580 altero
989 3515 1063 3581 loco
1084 3537 1220 3603 prorsus

125 3624 287 3687 notionem
309 3624 360 3687 rei
380 3619 597 3709 periurhauit,
619 3636 656 3687 ut
678 3622 741 3703 lv,
763 3624 816 3701 ⁵8,
840 3620 1013 3709 alienaque
1035 3622 1219 3701 admiscuit,

124 3740 158 3789 ut
178 3748 277 3814 quous
300 3726 447 3815 Epicuro
470 3726 616 3793 Stoicam
649 3726 727 3793 finis
750 3726 977 3793 definitionem
1009 3726 1150 3805 subicit,
1178 3730 1218 3792 do

125 3853 184 3919 quo
203 3833 326 3901 dietum
350 3846 383 3899 st
419 3836 453 3898 in
486 3832 651 3899 adnotatis
684 3834 726 3899 ad
750 3834 785 3915 Ι,
815 3834 906 3916 201)
973 3832 1097 3899 Uerum
1121 3853 1218 3918 quom

140 4106 167 4173 Ι)
181 4104 243 4164 m·
258 4114 324 4165 eret
346 4106 473 4163 difficile
490 4124 525 4163 cx
545 4105 651 4163 ceteris
671 4106 823 4163 Ciceronis
850 4108 968 4182 scriptis
994 4106 1102 4162 similis
1128 4108 1217 4161 mults

182 4202 348 4277 attigere,
374 4216 441 4275 spru
458 4200 633 4274 interpretes
652 4217 711 4254 nors
729 4200 923 4265 adnotarunt,
941 4200 1070 4275 quiedam
1091 4200 1132 4251 its
1152 4214 1216 4267 por-

180 4296 301 4363 tutae,
320 4302 367 4359 rut,
386 4292 446 4349 uisi
465 4292 608 4367 explicato
627 4310 735 4357 erroro,
752 4292 883 4365 intellegi
901 4292 1060 4365 disputatio
1079 4295 1211 4357 nequeat.

177 4388 339 4449 rum-om
359 4385 689 4459 reperiendarum
703 4384 832 4441 Trueuii.
851 4384 917 4441 iiior.
936 4382 987 4447 iV,
1007 4386 1024 4449 5
1042 4384 1078 4433 2³
1098 4393 1158 4449 ⁶⁶1⁴!-
1186 4385 1214 4429 tt
1305 4458 1313 4474 ⁸

991 4500 1011 4539 n
