2706 5018
414 341 651 412 EXCUBSUS
675 346 751 412 Vll.
1063 355 1128 417 855

119 534 211 590 uideri
230 536 359 606 dialogos
385 536 546 593 Aristotelis
570 540 748 611 populariter
774 542 894 611 scriptos
919 551 947 600 et
974 545 1125 610 rhetorico,

107 660 131 696 rs
150 640 198 693 hie
216 638 326 709 Topica
343 641 509 706 oonsmero,
529 651 588 698 lum
606 643 741 700 colcariae
759 645 873 717 legisse,
892 647 1056 704 difficiliora
1075 667 1126 705 au-

135 746 239 816 quibuc
258 744 349 797 amois
367 743 486 799 interior
506 745 686 817 philosophia
704 748 920 816 continebatur,
945 759 994 807 aut
1011 754 1125 809 omnino

108 849 239 919 adtigisse
264 854 328 910 aut,
359 848 383 902 ri
406 848 557 920 aliquando
576 851 730 924 adtigerit,
764 872 820 909 non
839 857 926 926 louge
945 872 1124 924 progressum

144 963 176 1006 ut
202 951 263 1022 ipsc
288 953 325 1004 cla
350 952 550 1009 subtilioribus
575 956 737 1012 Aristotelis
764 959 910 1014 sententiis
936 958 1044 1028 aliquid
1070 961 1124 1015 lra-

120 1063 216 1126 porset
241 1056 393 1126 explorati.
448 1056 532 1113 Cuius
558 1059 646 1114 iudici
673 1061 810 1116 inuidiam
847 1061 952 1127 leniet,
987 1062 1011 1117 si
1039 1064 1122 1118 modo

108 1159 244 1230 ipoterit‚
265 1162 296 1214 P.
320 1160 445 1226 Uictori,
464 1162 587 1217 bominis
600 1183 695 1236 nequo
713 1167 828 1222 curceio
846 1170 875 1222 et
893 1166 1023 1237 proiecto
1042 1167 1123 1221 Cice·

108 1263 232 1317 fauentis
250 1271 278 1319 et
304 1264 353 1334 qui
371 1282 437 1320 cum
457 1272 550 1332 norat,
568 1269 726 1336 sententia,
744 1270 794 1340 qui
820 1273 857 1325 ad
877 1271 1038 1326 Aristotelia
1056 1272 1122 1326 Etb.

107 1385 136 1421 n.
157 1366 507 1432 v11,a”cicsronsmin
526 1373 651 1428 lectione
668 1372 809 1440 librorum
830 1373 993 1429 Aristotelis
1014 1373 1122 1428 ethico·

108 1489 161 1524 ron
181 1472 266 1524 ualde
284 1480 432 1527 uersatum
451 1476 529 1528 csse¹'
548 1480 721 1546 pronuntiat.
764 1477 893 1551 Cogebat
911 1477 986 1531 enlm
1007 1478 1050 1531 uis
1071 1496 1120 1532 ue·

108 1593 134 1640 s,
161 1592 246 1644 quon
265 1579 418 1647 utrumque
436 1579 589 1635 conferret.
632 1583 670 1636 ht
685 1582 710 1637 si
730 1581 823 1637 ethica
842 1580 1001 1636 Aristotelis
1021 1581 1120 1634 Cicero

108 1679 182 1750 legit,
199 1679 247 1748 qui
265 1679 387 1734 ethicam
398 1681 584 1755 philosophia
603 1693 713 1756 partem
726 1686 896 1757 pracipaam
915 1702 1028 1754 semper
1047 1685 1120 1738 ludi·

108 1820 126 1846 1,
154 1785 245 1838 multo
264 1784 359 1839 minus
380 1788 578 1858 metaphysica
604 1792 656 1843 ant
673 1790 792 1861 physion
810 1797 860 1844 aut
882 1792 918 1843 elo
932 1788 1028 1843 arima
1048 1789 1119 1842 dene

108 1886 271 1941 oriirlibroc
287 1889 399 1960 adtigit.
427 1893 510 1959 Quod
530 1900 640 1947 tantum
660 1894 751 1959 abest,
760 1900 792 1948 ut
810 1891 992 1977 mirationem
1012 1893 1118 1946 habere

108 1998 141 2053 tt,
177 1990 313 2045 admirari
336 1996 503 2064 oportebat,
538 1997 684 2052 siccaue
707 2005 790 2052 ossea
843 1998 917 2052 Noai
947 1995 1048 2050 Cicero
1078 1995 1119 2050 ita

108 2111 188 2147 scens
207 2095 422 2167 philosophiam
442 2101 643 2163 adamarent,
664 2100 762 2170 itaque
781 2109 880 2170 postca
898 2118 962 2154 oum
983 2101 1117 2170 eloquen-

108 2194 332 2254 tercitatiouibus
355 2208 383 2255 et
400 2203 524 2272 publicis
540 2204 663 2275 negotiis
684 2205 745 2257 eino
764 2204 887 2259 studium
908 2203 1060 2268 coniunxit,
1079 2208 1118 2267 ut,

108 2319 237 2372 puerum,
258 2323 317 2375 qua,-
333 2310 397 2360 tum
412 2306 558 2377 uigebant,
577 2306 790 2378 disciplinatam
810 2307 972 2362 uniuersam
993 2307 1116 2361 formam

108 2414 216 2466 teribus
236 2411 332 2475 etilo,
371 2410 419 2480 qui
437 2410 497 2463 bae
521 2410 550 2463 in
572 2411 665 2464 certae
689 2416 749 2466 ian
766 2428 893 2465 summas
913 2412 1033 2464 redacta
1059 2426 1115 2464 uon

108 2525 199 2571 rante
217 2516 345 2570 aetatibus
364 2516 563 2583 exponerent,
581 2513 735 2584 acciperet,
752 2514 931 2568 obscuriores
951 2511 1116 2566 interiores·

108 2621 279 2691 hilesephia
297 2618 387 2689 partis
406 2633 461 2671 noa
483 2618 637 2672 undum
656 2624 884 2688 persequeretur,
919 2615 969 2669 serl
988 2614 1115 2669 animum

108 2767 109 2773 ,
128 2742 227 2779 eorum
246 2723 393 2776 hominum
412 2720 535 2792 scriptis,
554 2721 604 2790 qrri
624 2736 679 2774 non
696 2719 781 2775 nimis
796 2726 905 2774 remoto
925 2727 1053 2788 tempore
1065 2725 1115 2773 aut

108 2831 187 2882 ribus
206 2827 337 2897 grauiter
356 2823 442 2880 cimel
462 2833 491 2879 et
508 2841 563 2878 non
582 2822 1115 2894 horridoneedilflculterscripsissert,

108 2932 211 2986 ‚octies
228 2930 469 3014 P'osirloniusquffi
507 2935 557 2983 aut
575 2930 739 2999 elegantem
765 2926 952 2983 eruditionem
972 2925 1113 2995 multipli-

108 3054 139 3088 ue
160 3054 256 3089 rerum
274 3033 465 3106 cognitionem
484 3033 683 3104 adiungerent,
701 3031 831 3086 Platonis
851 3048 963 3103 quoquc
981 3027 1116 3084 cretionis

120 3143 149 3218 ot
163 3140 321 3210 imaginum
340 3137 489 3192 molestato
509 3136 602 3208 potius
623 3136 816 3190 delectaretur
834 3151 919 3207 quam
936 3135 1013 3204 ipsa,
1053 3150 1113 3204 qua

109 3262 121 3296 s
140 3243 271 3297 inuoluta
291 3245 382 3307 esset,
416 3239 575 3295 subtilitate
594 3240 759 3307 notionum,
796 3239 969 3310 omninoque
986 3238 1113 3309 permol-

108 3366 125 3401 ιι
145 3344 327 3419 philosopbia
347 3345 513 3415 eloquentia
531 3343 712 3412 tribuerat1)
760 3345 804 3399 lta
822 3341 965 3398 adiectum
984 3341 1111 3396 animum

108 3452 168 3506 aria
183 3451 348 3506 Aristotelis
365 3449 472 3520 scripta
490 3455 520 3504 ct
536 3449 683 3503 rhetorica
700 3448 787 3502 facile
807 3446 999 3511 adliciebant,
1037 3445 1112 3498 cele·

118 3556 273 3626 prasertim
290 3557 370 3609 fama
389 3555 436 3606 uel
455 3555 484 3607 io
503 3554 653 3607 rhetorum
681 3549 805 3616 robolin
841 3550 1017 3607 adliciebant
1032 3547 1111 3604 simi-

108 3659 274 3731 beophresti
310 3657 420 3729 titoque
445 3657 493 3730 qui
528 3676 614 3712 unum
645 3655 805 3712 Aristotelis
832 3655 956 3711 ethicum
975 3653 1110 3724 scripturn

109 3765 249 3829 armauit,
268 3767 300 3818 ut
318 3764 347 3818 ie
366 3765 402 3818 nb
421 3763 575 3817 Aristotele
591 3778 691 3815 errore
708 3760 901 3826 sciotherus,
920 3755 1111 3825 Theophrasti

108 3871 159 3922 ata
187 3869 247 3922 reite
273 3869 380 3921 librum
409 3873 438 3920 et
463 3881 536 3935 sape
564 3866 694 3934 appellnt
717 3860 933 3934 siguificatue⁸)
961 3864 989 3913 et
1013 3873 1047 3910 er
1077 3875 1111 3910 eo

119 3972 219 4042 ponit,
240 3974 275 4024 rle
294 3970 355 4024 Fir.
378 3972 419 4034 V,
455 3967 529 4036 86);
554 3968 691 4022 laedebat
708 3963 861 4035 utrumque
881 3965 917 4019 ob
933 3961 987 4052 illa
1005 3958 1110 4031 scripte

108 4245 123 4277 r.
139 4232 178 4276 ael
192 4232 217 4275 ln
234 4231 277 4275 hoe
293 4242 365 4287 opere
379 4229 421 4274 lih.
436 4229 483 4280 tv,
502 4228 517 4271 ὓ
533 4234 558 4271 et
572 4229 585 4271 7
599 4230 623 4271 et
644 4226 682 4277 lu,
697 4236 794 4280 quaque
808 4222 840 4266 lbi
855 4223 918 4276 liri,
933 4228 958 4267 el
973 4220 1069 4275 ΗΝ,

108 4324 119 4353 ι.
135 4306 169 4362 V,
189 4308 233 4359 ΙΙ,
247 4308 287 4361 85,
301 4306 400 4352 Tuscul.
415 4305 489 4359 VM
504 4303 583 4357 esto,
597 4301 671 4348 head.
686 4301 709 4353 Ι,
728 4302 756 4345 ib
769 4298 835 4345 ortt
851 4304 876 4344 el
888 4299 926 4351 ll,
941 4298 987 4343 lu.
1015 4295 1065 4340 etr.
1081 4294 1108 4338 acl

108 4384 137 4430 ie·
152 4384 184 4438 ll,
199 4385 219 4439 8,
234 4385 255 4436 ³,
274 4382 311 4427 ubi
326 4382 397 4427 alium
411 4380 546 4439 popularem
561 4377 720 4437 'l'beepbrastl
734 4376 821 4423 liberm
834 4374 880 4420 sihi
897 4372 958 4420 nitri
973 4371 1028 4416 oslt.
