2730 5016
342 308 346 313 ’
450 341 686 411 exconsus
710 344 785 409 vu.
1099 349 1163 411 ee

67 540 140 596 ruihi
156 537 247 593 uideri
266 537 395 608 dialogor
422 537 582 593 trototetu
606 538 784 610 populariter
810 539 930 609 aeriptor
955 547 983 595 et
1009 540 1161 605 rlretorico,

66 645 168 715 quibua
186 642 234 695 lale
252 639 361 711 'l'opiea
379 642 545 706 adnumero,
565 651 624 697 tura
641 642 776 698 notariae
795 642 909 714 legino,
928 643 1092 699 dillleiliora
1111 661 1162 699 au·

65 756 143 814 tem,
173 747 276 820 quibrra
294 745 385 798 arnoia
404 744 523 800 interior
542 744 723 817 philoaoplria
740 745 956 813 continebatur,
981 754 1030 802 aut
1047 748 1161 802 omniuo

64 871 121 907 non
141 850 276 922 autigine
300 855 365 912 aut,
396 849 420 904 ri
442 848 594 920 aliqunto
612 850 766 923 adtigerit,
800 869 856 905 oon
875 853 962 921 louge
981 867 1161 919 progreaauua
1185 852 1187 857 ⁴

65 973 146 1019 erae,
181 965 213 1009 ut
239 953 300 1024 ipae
325 954 362 1006 tle
387 953 586 1008 aubtilioribua
612 955 774 1010 Ariatotelia
800 955 946 1010 aeotentiia
972 953 1081 1023 aliquid
1107 955 1161 1009 ha·

64 1063 134 1113 bera
157 1065 254 1129 poaaet
279 1057 430 1127 explorati.
485 1056 569 1112 Cuiur
595 1058 682 1113 turiei
711 1059 847 1114 inuidiam
884 1057 988 1123 leniet,
1024 1057 1048 1113 ai
1075 1058 1159 1112 morlo

64 1163 149 1218 leniri
166 1161 282 1233 poterit,
303 1163 334 1216 Ρ.
357 1161 483 1227 Uictori,
501 1162 624 1216 laoruiuia
637 1181 732 1234 oeque
750 1163 864 1221 audacia
883 1166 912 1218 et
931 1162 1059 1233 protecto
1079 1162 1160 1215 Cloe·

63 1266 128 1322 roai
145 1266 270 1320 laureti·
288 1273 316 1320 et
341 1265 391 1334 qai
408 1282 475 1319 euru
494 1273 588 1332 norat,
605 1267 764 1332 aeateotia,
781 1267 830 1336 qui
857 1268 894 1322 et
915 1266 1075 1322 rlriatotelia
1093 1266 1159 1320 uite

63 1369 174 1425 Nieora.
194 1372 255 1433 vu,
273 1369 292 1423 8
310 1368 497 1423 ''Gieeronem
516 1370 544 1424 io
563 1371 688 1425 lectione
706 1371 845 1427 librorum
867 1369 1030 1425 trteroutte
1051 1368 1159 1424 otlrieo·

63 1491 127 1528 rura
144 1491 200 1527 aon
218 1473 304 1527 ualde
322 1480 470 1527 uersatum
489 1475 567 1528 eare''
586 1478 759 1546 pronuntiat.
802 1474 930 1547 cogebat
949 1472 1023 1527 enlm
1045 1472 1087 1526 uia
1109 1489 1158 1526 ue·

63 1578 172 1643 ritatia,
198 1594 284 1647 quera
303 1580 456 1648 utramque
474 1579 627 1634 ooolerret.
669 1580 707 1635 tt
723 1580 748 1635 ai
768 1577 861 1634 ethica
880 1575 1039 1632 Ariatotelir
1059 1575 1158 1629 cieero

61 1699 118 1736 non
139 1681 221 1752 legit,
237 1681 286 1750 qui
303 1679 622 1754 etlrieornphiloaoploia
641 1691 751 1754 partem
765 1682 935 1754 precipuum
954 1697 1066 1750 semper
1085 1679 1158 1733 tuti·

62 1787 167 1849 ealrat,
191 1787 284 1839 multo
303 1785 398 1840 minue
418 1788 617 1858 metaphyateo
643 1791 694 1841 aot
712 1787 830 1859 plryriea
849 1793 900 1840 aut
920 1788 956 1838 ue
971 1783 1067 1838 aalma
1086 1783 1158 1835 dene

60 1887 211 1960 categoriis
220 1888 310 1943 libror
326 1889 438 1960 adtigit.
466 1893 549 1959 Quod
568 1897 678 1946 tantum
698 1892 831 1956 abeat,ut
849 1887 1030 1944 mirationem
1049 1888 1157 1941 habere

60 1993 180 2056 debeat,
216 1991 353 2046 utlnirari
376 1996 542 2064 oportebat,
577 1996 723 2050 aieontra
746 2002 829 2049 orreo
882 1959 956 2049 Narin
986 1991 1087 2045 cicero
1116 1990 1157 2044 ita

61 2097 229 2150 aduleeeeaa
246 2096 461 2167 philosophiam
481 2100 682 2161 adamaoerat,
703 2098 801 2168 itaquo
820 2105 919 2168 postea
937 2113 1002 2150 eum
1022 2097 1156 2165 eloquen-

59 2199 104 2255 oa
122 2196 372 2255 raucitatioaibua
394 2208 423 2255 et
441 2202 564 2272 publicio
579 2202 703 2274 negotii·
723 2200 927 2255 uoluentium
948 2197 1099 2262 ooaiuaxit,
1118 2202 1157 2262 ut,

60 2305 277 2377 praecipuarum,
298 2324 356 2377 que
373 2311 436 2361 turn
451 2306 598 2377 uigebant,
616 2305 830 2376 ‹liaeipliaaran
850 2303 1012 2359 uniuersam
1032 2303 1155 2356 lorraam

58 2431 75 2468 a
93 2414 257 2468 doctoribus
276 2423 305 2468 et
321 2413 372 2475 ila,
411 2411 459 2480 qui
477 2411 537 2463 luae
561 2409 590 2462 ia
612 2410 705 2462 eertaa
730 2413 789 2463 lara
806 2424 933 2462 aonmoa
953 2407 1073 2459 retlaeta
1098 2419 1155 2457 ooo

58 2521 156 2575 multia
172 2525 241 2573 aute
257 2517 386 2572 etutilrua
404 2515 604 2582 exponerent,
622 2510 775 2582 arriperet,
792 2509 971 2564 obaouriorer
992 2504 1156 2561 interiorea·

58 2642 114 2695 que
133 2621 320 2694 philoroplrlo
338 2618 427 2689 partia
446 2632 502 2670 noa
524 2617 677 2670 ιόιιοιιιιιιι
697 2620 924 2685 peraequerrtur,
960 2610 1009 2664 ret
1028 2608 1155 2663 animone

58 2729 151 2782 aleret
169 2743 268 2781 eorum
287 2723 434 2777 homiuum
453 2720 576 2790 aeriptia,
595 2720 645 2789 qui
665 2733 720 2772 oon
737 2716 822 2771 nimia
836 2723 946 2770 remoto
965 2720 1093 2783 ternpore
1105 2718 1155 2766 aut

57 2832 229 2886 demorllrua
247 2827 378 2900 graaitor
397 2823 483 2880 riarul
504 2829 532 2878 et
549 2840 604 2877 uon
623 2816 1156 2888 horrideeeetlilfleulteratrlpeiareat,

59 2941 92 2989 ut
110 2934 253 2987 Panatiua
270 2929 510 3015 Ppaidoaiuaque,
548 2934 599 2981 aut
616 2929 780 2996 elegantem
806 2922 993 2978 eruditionem
1012 2919 1154 2989 multipli-

61 3055 181 3107 cemque
201 3054 297 3091 rerum
316 3034 506 3105 cognitionem
526 3031 725 3102 adiungerent,
742 3027 872 3082 Platoni·
892 3043 1005 3097 quoquo
1022 3022 1157 3079 orationi·

57 3139 139 3212 copia
161 3141 363 3220 otimaginum
381 3137 530 3191 maiestate
550 3134 644 3206 polluo
665 3132 857 3187 delectaretur
874 3147 960 3203 quam
977 3129 1054 3200 ipen,
1094 3144 1154 3197 quar
1243 3135 1248 3145 “

57 3246 111 3301 aab
130 3244 164 3298 iia
182 3244 314 3298 inuoluta
333 3244 424 3306 earet,
458 3238 617 3294 subtilitate
635 3238 801 3303 notionum,
838 3234 1011 3304 omninoque
1027 3231 1154 3303 permnl-

56 3358 119 3405 tum
138 3349 167 3403 io
187 3343 369 3422 philosophia
389 3343 555 3416 eloquentie
573 3341 754 3409 tribueret¹)
802 3340 846 3394 lta
864 3336 1007 3393 adlectum
1025 3334 1152 3390 ontmmn

56 3453 210 3525 popularia
225 3451 391 3506 Ariatotelia
408 3448 514 3519 reripta
532 3453 562 3501 et
578 3445 725 3501 rhetorica
743 3443 829 3499 laeile
849 3441 1040 3505 adliciebant,
1079 3439 1154 3492 celo·

54 3560 140 3612 brata
161 3556 315 3628 praeentiur
333 3556 412 3608 lama
431 3553 479 3606 uel
497 3553 527 3605 in
546 3552 695 3605 rhetorum
724 3545 847 3612 acholio,
883 3544 1059 3601 adliciebant
1074 3540 1153 3597 aimi-

54 3661 97 3718 lia
123 3659 317 3732 Theophroati
353 3656 463 3728 titoque
488 3656 537 3729 qui
569 3674 656 3711 uuum
688 3651 848 3708 Ariatotelia
874 3649 999 3705 ethicum
1017 3646 1154 3718 reriptum

55 3767 98 3820 ita
114 3765 292 3828 nominauit,
311 3767 343 3817 ut
361 3763 390 3818 tr
409 3765 445 3817 olo
464 3761 618 3816 Arietatele
634 3776 734 3813 errore
751 3756 944 3820 aliudicoret,
963 3749 1154 3820 'l'lreoplrraati

54 3871 91 3924 tle
116 3869 203 3923 beato
229 3869 291 3922 ulla
317 3867 424 3920 librum
453 3872 481 3918 et
506 3879 579 3933 rape
608 3863 737 3932 appellat
760 3855 977 3929 aigulfiootoe')
1003 3857 1032 3906 et
1056 3867 1089 3903 ea
1120 3868 1153 3903 eo

54 3975 146 4029 uerba
163 3973 263 4043 ponit,
284 3972 319 4024 de
337 3968 399 4023 Flu.
422 3970 463 4032 V,
498 3965 572 4034 86),
597 3965 734 4019 laudabat
751 3957 904 4030 utrumque
924 3958 959 4012 ob
976 3955 1029 4046 illa
1048 3951 1153 4023 aeriplu

79 4234 99 4284 l)
114 4231 168 4276 Otr.
184 4233 223 4277 ael
237 4232 261 4276 lu
278 4231 321 4274 lroe
337 4241 409 4287 opere
423 4227 465 4271 ltu.
480 4226 527 4277 tv,
546 4225 561 4268 ὓ
577 4231 602 4268 at
616 4226 629 4268 7
642 4227 667 4268 et
689 4222 726 4273 to,
740 4231 838 4275 quaqua
852 4217 883 4262 lbi
898 4217 961 4272 tiri,
977 4221 1002 4261 et
1016 4216 1035 4259 V
1048 4214 1065 4268 ς
1079 4213 1112 4255 lt·

73 4308 96 4361 ²)
110 4307 164 4353 Fla.
180 4305 214 4363 V,
234 4307 277 4360 1²,
292 4308 331 4361 at,
346 4304 444 4351 ‘rrmt
459 4302 533 4357 ml
548 4300 628 4353 etat,
641 4297 715 4344 Aeni.
730 4297 753 4349 l,
772 4297 800 4340 lt
813 4293 879 4339 etat
895 4292 969 4344 etlt,
984 4290 1030 4336 ut.
1058 4287 1108 4333 etr.
1124 4286 1152 4330 ael

110 4384 181 4430 Attio·
197 4384 228 4438 ll,
243 4385 264 4440 l,
278 4385 300 4436 t,
318 4381 356 4427 oli
370 4380 441 4426 assum
455 4377 590 4436 popularem
604 4372 763 4433 nminat
778 4371 866 4418 uum
878 4367 924 4414 otll
941 4365 1002 4414 nltti
1017 4364 1071 4409 uolt.
