2706 5018
361 349 419 414 ET
444 351 551 416 MAL.
576 349 658 414 ΗΒ.
686 352 712 415 V
737 350 832 415 CAP.
855 356 906 415 29.
1001 384 1008 397 ·
1116 357 1176 416 771

96 542 207 623 chiae,
229 556 265 608 ut
283 547 330 608 ait
351 543 620 630 Theophrastus,
665 548 815 610 consistit
836 550 869 611 in
891 545 988 613 beata
1011 548 1078 611 uita
1102 568 1177 614 oon-

139 757 166 797 κ
180 751 216 797 ait
230 747 419 810 Theophrastus)
437 766 481 798 om.
501 752 562 797 Non.
576 757 601 796 et
615 764 703 806 omnes,
718 753 759 797 0r.

97 929 160 992 tiss)
196 927 331 984 Dicturus
349 927 431 993 Piso,
469 931 705 998 quemadmodum
726 931 755 984 in
776 946 827 983 saa
846 929 994 1000 disciplina
1011 933 1072 986 uita
1091 933 1176 987 beata

97 1018 221 1089 apiendo
242 1021 403 1082 echciatur,
432 1028 498 1089 apte
516 1023 654 1088 ostendit,
680 1023 747 1076 hino
764 1039 876 1075 omnem
895 1021 1063 1092 dignitatem
1081 1023 1175 1093 philo-

97 1112 190 1181 sophie
216 1113 280 1167 duci
298 1115 360 1178 (cir.
386 1114 421 1166 ad
448 1114 475 1176 i,
511 1113 577 1179 62),
618 1114 771 1183 aptissume
796 1118 894 1168 autem
913 1117 988 1169 hanc
1005 1115 1175 1170 senteutiam

97 1198 130 1257 ab
144 1206 234 1258 altero
252 1207 356 1258 schola
374 1205 568 1273 Peripateticae
584 1205 724 1276 principe,
751 1206 829 1260 cuius
848 1207 1017 1261 notinumos
1035 1213 1096 1260 erat
1112 1213 1176 1278 napi

97 1285 254 1365 &saporius
271 1297 357 1363 iiber,
375 1296 479 1366 repetii
498 1304 525 1350 et
541 1298 602 1349 sine
621 1299 706 1351 dubio
726 1317 757 1351 cs
777 1295 863 1368 ipsius
881 1296 958 1353 iliius
976 1297 1043 1353 libri
1061 1299 1175 1354 exordio

97 1371 180 1441 sanic.
235 1390 266 1441 iu
290 1397 349 1442 tam
378 1390 526 1459 perspicua
545 1407 575 1441 re
593 1391 622 1442 in
640 1390 837 1444 uetustissuuro
857 1408 953 1444 errore
973 1384 1100 1444 tollendo
1118 1408 1174 1443 non

97 1464 215 1537 hubitaui
234 1480 364 1535 Lambini
380 1481 587 1545 coniecturam,
626 1499 710 1552 quarn
732 1501 768 1535 no
787 1484 926 1536 Gruterus
951 1481 1066 1552 quidem
1092 1480 1174 1536 ’'cai-

97 1572 175 1639 μηθ’
193 1590 277 1626 ausus
296 1583 352 1638 est,
387 1573 531 1627 Ernestius
551 1579 646 1625 autem
664 1573 725 1625 iure
743 1574 895 1645 probauit,
914 1573 991 1647 sequi
1010 1581 1108 1629 contra
1127 1591 1175 1628 co-

97 1657 161 1717 dices
179 1664 378 1717 ciceronianus
395 1671 423 1715 ot
439 1663 571 1727 Nonium,
590 1664 637 1733 qui
656 1666 715 1718 hec
732 1668 838 1719 uerba:
857 1673 889 1718 ut
906 1667 946 1718 cit
967 1666 1175 1735 Theophrastus

97 1757 185 1823 psallo
212 1765 278 1811 ante
304 1762 412 1826 ponunt
436 1754 619 1825 ineptissumo
647 1748 744 1811 locos
774 1758 831 1827 Qui
858 1760 1012 1812 defendere
1036 1765 1174 1812 conantur

97 1843 218 1910 {mastos
237 1858 278 1903 est
294 1858 389 1903 auteur
408 1864 485 1916 pene
505 1865 577 1901 unns
597 1849 698 1911 Gaium
733 1849 831 1903 Ottoni
849 1867 885 1902 ne
903 1850 1093 1904 admonitione
1111 1850 1173 1920 qui·

98 1934 254 2014 lentegere
272 1944 351 1996 locus
372 1940 447 1994 uisus
467 1943 539 2006 est),
568 1941 616 2011 qui
635 1943 789 1996 detendunt
805 1940 909 2012 igitur,
947 1961 983 1996 ne
1001 1943 1173 2013 Theophra-

98 2032 162 2085 dnm
179 2035 289 2104 aliquot
305 2031 407 2087 seculis
426 2039 492 2084 ante
512 2032 625 2098 Pisoni,
660 2051 780 2104 quocum
801 2035 983 2105 loqueretar,
1008 2033 1173 2104 precepisse

98 2124 225 2189 tiatuant,
250 2124 439 2179 imitationem
460 2124 579 2196 propria
598 2133 626 2178 et
643 2125 797 2195 singularis
814 2124 960 2180 cuiusdam
980 2127 1174 2196 Theophrasti

98 2217 163 2271 reci·
179 2218 206 2271 in
228 2218 321 2272 uerbis
341 2216 509 2269 instituenda
533 2217 622 2269 oratio
651 2223 678 2268 rt
704 2232 721 2270 a
747 2217 850 2272 Pisone
874 2215 1030 2289 significari
1055 2223 1174 2286 putant3

98 2319 156 2377 taos
172 2312 293 2384 primum
313 2308 421 2363 reieiiit
436 2309 591 2362 uerborum
612 2311 698 2375 ordo;
727 2316 787 2363 tum
806 2316 880 2363 euim
896 2310 1075 2363 scribendum
1093 2316 1174 2366 erato

98 2398 173 2457 marr
190 2407 259 2459 enim
277 2404 353 2465 mibi,
372 2409 404 2454 ot
422 2418 448 2456 a.
459 2399 520 2464 Tu,
541 2402 604 2455 inst.
625 2419 664 2454 or.
684 2408 741 2466 ert,
759 2419 834 2454 nunc
848 2400 1006 2455 necessario
1022 2399 1173 2454 iliauerba

98 2492 128 2546 sd
144 2502 226 2551 tecam
246 2495 357 2551 etmihi
373 2493 514 2563 pertinent
533 2502 560 2546 et
578 2494 677 2556 iilam,
696 2510 780 2563 quarn
799 2492 872 2557 diri,
889 2491 1085 2546 incredibilem
1106 2510 1171 2562 per-

98 2589 248 2643 acuitatem
267 2588 421 2643 continent.
460 2585 566 2637 Deinde
585 2585 728 2636 instituere
746 2586 895 2636 orationem
916 2603 976 2636 oum
991 2585 1083 2658 atiquo
1101 2584 1172 2636 adeo

98 2683 262 2734 wmmunen's
283 2679 459 2733 reiomnium
480 2675 728 2747 peruagatissuma
744 2673 977 2746 significationem
996 2676 1093 2738 habet,
1112 2680 1173 2728 uta

98 2762 284 2842 Theophrasto
303 2774 359 2827 hoc
375 2782 518 2842 sumptum
534 2776 634 2839 putare
645 2764 883 2820 absurdissumum
896 2767 942 2821 sit,
971 2771 1071 2837 ltaque
1085 2765 1172 2820 Gaius

98 2862 192 2918 saud.
214 2873 333 2932 utroque
352 2872 380 2916 et
399 2865 463 2917 Bas.
484 2861 572 2915 edidit
588 2860 755 2912 instituenda
773 2866 800 2911 st
817 2860 891 2911 ratio
908 2860 1003 2920 (modo
1025 2864 1101 2910 reete
1120 2857 1171 2910 ad-

98 2950 227 3020 icaderit;
257 2955 328 3008 aiibi
347 2954 421 3009 enim
444 2956 555 3007 nulium
573 2959 598 3006 st
618 2952 676 3005 eius
694 2951 838 3023 scripture
856 2950 1026 3021 uestigium
1044 2950 1093 3003 sed
1111 2950 1171 3002 ire-

98 3054 173 3112 qaeus
188 3054 230 3100 est
250 3048 415 3112 mendum),
441 3047 525 3116 idque
546 3043 585 3098 ita
603 3044 825 3113 interpretatur:
844 3042 888 3094 iob
907 3042 976 3095 bobr
992 3041 1080 3106 mich,
1099 3040 1170 3094 nach

99 3126 276 3210 Theophrasto
296 3137 457 3202 Ausdrucis,
475 3138 525 3189 mit
543 3138 587 3189 dir
606 3153 640 3188 su
658 3135 815 3188 berechoen.
850 3132 956 3187 Omitto
976 3134 1109 3186 rationem
1128 3133 1172 3184 iss·

99 3229 200 3285 'iiiam
219 3228 359 3285 neminem
379 3231 434 3283 hoc
456 3229 620 3300 significatu
646 3244 737 3296 neque
761 3223 862 3279 dixisse
888 3243 978 3294 neque
1002 3224 1096 3277 dicere
1120 3241 1171 3293 po-

99 3318 184 3387 hiim
203 3341 269 3377 nam
287 3323 362 3376 ratio
379 3321 556 3386 subducitur,
574 3321 669 3384 initur,
687 3317 845 3381 conficitur,
863 3335 926 3371 rum
944 3315 1040 3386 aliquo
1059 3315 1172 3369 conier-

99 3412 142 3484 iar,
160 3435 214 3471 non
235 3415 400 3469 instituitur·
435 3414 489 3466 Sed
510 3421 540 3467 ut
559 3412 679 3476 dicatur,
697 3410 829 3462 nimirum
850 3410 1065 3478 Theophrastus
1081 3407 1170 3462 uerbo

99 3510 279 3565 trationibus
307 3509 437 3562 traducto
465 3506 669 3578 proprietatem
695 3503 835 3574 quandam
862 3502 947 3556 huius
974 3499 1173 3570 disputationis

99 3593 249 3674 igniacum
268 3597 374 3654 debuit.
398 3600 473 3669 Quid
494 3600 582 3670 igitur
602 3599 685 3655 huius
699 3600 881 3651 communeet
889 3593 1030 3646 rationum
1039 3610 1102 3645 eum
1113 3591 1173 3647 alio

99 3697 305 3758 abducturum,
325 3701 365 3758 ut,
385 3695 451 3763 quid
471 3695 583 3765 utrique
601 3692 755 3751 debeatur,
774 3687 911 3758 adpareat
933 3694 961 3738 et
978 3685 1058 3755 pario
1077 3683 1172 3738 hant?

99 3779 194 3842 hialim
212 3786 297 3839 etiam
316 3785 399 3850 scire,
418 3803 538 3856 quocum
553 3783 767 3853 Theophrastus
784 3781 837 3832 has
855 3775 977 3832 rationes
995 3773 1172 3842 contulerit.)

99 3876 162 3936 iam
183 3877 248 3933 Piso
267 3880 322 3930 hoc
342 3877 404 3931 ideo
424 3892 440 3929 a
461 3876 660 3947 Theophrasto
683 3889 795 3927 sumere
814 3869 928 3932 debuit,
947 3866 1019 3937 qirod
1039 3867 1074 3918 ad
1092 3880 1173 3918 suana

99 3989 145 4029 aar
165 3980 194 4026 et
211 3971 368 4024 orationem
386 3976 484 4039 aptum
504 3975 584 4021 esset.
616 3967 677 4019 Iam
696 3964 762 4036 quid
780 3963 840 4014 hac
855 3958 956 4020 oratio,
974 3958 1002 4011 in
1021 3974 1077 4028 quo
1094 3957 1171 4023 Piso,

99 4063 172 4122 racio
188 4064 321 4117 audiente
339 4080 391 4116 uec
409 4061 557 4130 quicquam
576 4059 611 4111 de
631 4075 682 4110 auo
699 4053 878 4127 proferente,
905 4050 1072 4104 sententiam
1090 4065 1173 4104 suam

100 4155 217 4231 aparuit,
234 4157 339 4220 habet,
358 4156 385 4207 iu
404 4172 459 4224 quo
478 4155 525 4206 nel
543 4152 645 4205 umbra
662 4147 697 4203 sit
714 4145 830 4201 rationis
849 4160 866 4198 a
883 4143 985 4197 Pisone
1002 4159 1066 4195 cum
1083 4139 1171 4195 Lucio

100 4248 257 4307 abducta?
294 4247 440 4316 (Dauisius
459 4245 515 4301 tria
543 4246 603 4298 hec
627 4243 718 4297 uerba
743 4237 833 4294 deleri
859 4238 937 4303 uolt,
970 4231 1173 4315 '’librariopoar

99 4353 202 4416 tupore
227 4339 357 4396 inuecta''
384 4345 496 4410 puteas.
549 4338 655 4393 Mirum
674 4350 743 4389 uero
760 4340 921 4402 stuporem,
960 4325 1009 4397 qui
1026 4325 1095 4380 talia
1111 4323 1173 4378 siae

930 4436 974 4489 th·
