2706 5018
288 345 349 412 ΕΤ
370 345 481 413 MAL.
501 343 587 413 LlB.
610 348 642 413 V
666 345 763 413 CAP.
785 353 838 413 sl.
1044 353 1107 417 'llll

108 559 161 617 so,
207 540 332 623 iuquit,
362 538 531 606 Carneade
555 555 685 617 nostes3
729 541 812 606 nihil
834 541 927 607 illinc
946 543 1010 608 huc
1032 567 1107 629 pes·

108 689 118 708 .
166 643 321 711 Ostendit
343 647 442 733 pedes
465 662 499 713 et
528 663 653 735 peetus.
705 649 755 714 lle
780 664 889 714 temen
914 651 967 715 hie
992 651 1105 716 sisellet

108 749 228 816 dolose.

108 855 260 936 XXXII,
282 859 336 921 95.
381 858 475 924 Haeo
497 861 599 946 igitur
616 874 667 926 est
679 874 790 926 nostru
812 863 910 936 ratio,
936 885 1019 948 quae
1043 861 1103 925 tibi

108 985 146 1027 ur
188 966 398 1043 inconstans,
441 988 538 1052 quom
584 982 718 1054 propter
755 966 886 1036 uirtutis
927 968 1104 1033 caelestem

108 1070 178 1135 dem
202 1083 237 1135 et
258 1070 403 1138 diuinam
435 1086 623 1160 tentumque
651 1077 905 1160 praestantium,
949 1089 1002 1154 ut,
1045 1075 1102 1138 ubi

108 1198 118 1243 ι
157 1179 200 1241 sit
230 1200 349 1264 resque
381 1200 520 1264 magnae
550 1196 583 1246 et
612 1203 741 1245 summe,
764 1180 948 1246 laudabiles
982 1184 1102 1247 uirtute

108 1305 148 1355 e,
194 1280 242 1347 ibi
266 1306 338 1351 esse
364 1287 496 1351 miserie
519 1299 552 1352 et
576 1309 733 1353 aerumna
756 1308 821 1351 nou
842 1292 967 1373 possit,
992 1303 1102 1353 tumen

130 1392 252 1474 possit,
274 1393 378 1473 possit
401 1391 573 1475 molestia,
596 1417 662 1459 non
684 1394 831 1458 dubitem
852 1394 972 1474 dicere,
995 1398 1101 1460 ononis

108 1576 195 1629 sende)
215 1575 320 1619 eartnde
334 1573 355 1618 E
369 1576 491 1622 corneae·
510 1578 553 1622 οι.
602 1581 738 1633 nemen)
752 1585 861 1623 momen
876 1578 939 1623 PCR
1007 1578 1041 1623 95.
1056 1579 1101 1632 est)

131 1650 237 1704 uirtutis)
256 1651 365 1695 uirtutes
380 1652 400 1696 B
433 1657 459 1697 st
471 1656 568 1708 sumus)
583 1667 675 1700 summe
688 1656 710 1702 B
724 1657 850 1699 cumenae
864 1656 924 1701 Ll’O
940 1660 965 1698 st
978 1658 1101 1701 sumendis

108 1727 197 1782 lsblles)
220 1727 408 1786 laudabilesque
427 1728 512 1773 111³th
552 1730 640 1789 possit,
660 1732 743 1790 possit)
759 1732 838 1788 posstt
857 1736 883 1776 et
896 1729 980 1775 neon

108 1881 291 1934 Plutarchum
311 1881 406 1936 uosist
424 1884 567 1956 scripture
592 1903 683 1956 oeque
701 1886 821 1943 ἔσκωπτε
842 1891 920 1940 secte
939 1887 976 1939 ud
994 1884 1100 1955 Epicu-

108 1973 195 2028 elsssi
223 1991 303 2042 posse
331 1972 461 2039 uidetur,
499 1985 674 2050 quopropter
690 1979 929 2050 wyttenbachius
945 1974 1101 2051 Καρνεάδης

108 2068 200 2119 iudum
218 2072 310 2136 putet.

108 2179 116 2212 ι
137 2163 238 2223 ιιιιιιιιι)
257 2160 294 2210 llt
313 2166 427 2222 tumeo,
464 2177 637 2231 quemquem
656 2161 697 2215 ite
716 2162 858 2232 potientes
875 2161 1005 2215 dolorem
1024 2161 1100 2224 tulit,

114 2286 123 2312 ‚
142 2251 166 2303 si
185 2249 263 2321 optio
285 2253 418 2312 duretur,
438 2269 493 2306 uon
512 2252 618 2306 dolose.
649 2254 781 2318 (Poterat
799 2252 870 2307 uici=
889 2254 1049 2318 munisset,
1073 2253 1100 2304 ιι·

109 2351 180 2406 sset3
217 2342 368 2413 inperfecti
391 2362 474 2398 usum
493 2343 637 2416 autigine
656 2348 699 2411 V,
732 2346 774 2413 8.)
837 2348 878 2398 Ae
905 2346 1100 2400 tamencum

111 2435 293 2506 restituitque
312 2436 410 2500 Gzius,
429 2439 464 2489 de
482 2454 537 2506 quo
560 2437 711 2491 dictumst
731 2439 767 2491 od
790 2439 826 2502 ll,
844 2437 888 2490 85.

108 2545 146 2597 sp.
164 2527 270 2591 XXII,
295 2528 339 2582 95.
377 2546 422 2581 res
438 2546 548 2597 magne
571 2534 598 2580 et
616 2544 716 2580 susssnc
734 2529 905 2597 laudabiles)
946 2529 994 2583 sic
1012 2530 1098 2583 (isius

108 2658 125 2685 .,
143 2621 227 2673 modo
247 2619 314 2674 setis
333 2620 516 2685 contumuit,
538 2620 565 2672 iu
589 2636 622 2673 eo
644 2620 731 2674 foisse
750 2627 787 2683 et,
806 2622 883 2689 qnod
899 2622 961 2674 nrt
983 2621 1097 2676 omittit

108 2713 180 2777 oles,
207 2729 291 2780 quom
310 2714 517 2777 edentulum,
536 2712 609 2782 quod
628 2710 656 2764 iu
677 2713 704 2764 ll
721 2718 750 2764 et
767 2713 841 2782 opud
859 2713 988 2767 Marsum
1009 2719 1051 2779 st,
1069 2713 1099 2767 in

108 2821 135 2858 se
162 2822 214 2874 pro
241 2807 379 2858 assuendo
403 2804 550 2860 ednotuuit
576 2821 678 2856 tumme
695 2805 870 2865 loudolilee,
908 2811 1004 2858 utsuns
1025 2806 1099 2859 etin

115 2898 189 2949 esset
208 2897 315 2958 codice,
325 2898 353 2950 in
367 2915 422 2967 quo
433 2901 498 2963 lucc,
514 2914 612 2962 nuens,
627 2897 768 2950 incertum
786 2896 958 2966 relinquens.
984 2897 1099 2950 Tenen-

108 2987 251 3041 sstlculssu
265 2990 373 3059 putaui,
383 2993 457 3062 quod
468 3008 512 3044 ses
519 2989 625 3045 uirtute
638 2995 724 3060 gesto
735 2988 923 3043 communiter
932 2987 988 3041 diei
999 2988 1098 3043 uiden·
1135 3061 1136 3064 Ἴ

123 3081 137 3148 5
157 3080 216 3145 oo).
235 3090 295 3135 tum
308 3083 363 3136 lsoc
382 3084 483 3154 sugeri
502 3084 612 3137 duobus
630 3081 779 3135 sdiectiuis
796 3079 971 3134 eouiusctiss
989 3097 1099 3150 snogsoe

108 3173 168 3227 sud.
204 3175 262 3228 Res
282 3176 449 3238 sumendos,
474 3177 607 3237 hecout,
625 3173 788 3227 commodus
806 3180 834 3226 et
852 3171 998 3243 eligendus
1017 3174 1044 3241 (ᾗ
1061 3172 1098 3226 so

109 3264 154 3331 i),
181 3264 253 3320 nihil
271 3267 328 3321 hue
346 3264 508 3337 pertinere,
527 3266 585 3320 ium
603 3265 750 3318 Manutius
768 3264 881 3320 uideret
898 3270 927 3318 et
944 3281 1097 3333 nummoque

111 3354 183 3410 criln
201 3355 342 3410 uoluerat.

108 3465 161 3501 nen
179 3448 257 3500 utor
272 3449 378 3514 possit,
413 3449 505 3516 possit
531 3449 674 3521 molestie)
698 3451 764 3503 Huc
789 3466 901 3520 quoque
925 3468 958 3504 es
987 3453 1050 3505 Erl.
1069 3458 1098 3506 et

109 3546 240 3610 eceptusn
258 3547 284 3593 st
301 3556 319 3593 o
337 3540 419 3594 Guio-
470 3541 576 3595 Psullo
605 3547 702 3596 tomen
721 3542 807 3596 ulitos
826 3540 874 3594 nic
891 3542 986 3597 uicem
1003 3545 1094 3616 porti-

108 3649 148 3686 uo
171 3632 290 3686 nomios
314 3633 510 3706 coniungenlis
534 3640 563 3688 ot
587 3633 679 3687 eidem
703 3634 792 3689 serbo
810 3633 977 3690 subicientis
1001 3638 1096 3704 (lotor

108 3731 131 3779 et
147 3726 289 3793 molestis)
314 3727 434 3781 sustinet
459 3727 542 3782 uerbi
569 3727 726 3798 geminatio
755 3735 839 3796 etque
866 3726 914 3780 ulti
944 3730 1092 3782 cootsoriae

108 3815 188 3870 usin
207 3818 307 3873 eodem
324 3821 414 3873 uerbo
432 3821 548 3890 negotio
567 3827 596 3872 et
615 3819 796 3884 adfirmatio,
823 3822 959 3888 utsupra
978 3824 1023 3882 11,
1041 3819 1095 3873 682

108 3910 183 3985 fuid,
202 3913 275 3985 quod
292 3913 369 3964 nolis
387 3930 440 3963 son
461 3912 563 3971 liceat,
582 3911 666 3961 liceat
684 3911 762 3969 iltis,
799 3912 829 3962 et
853 3927 905 3979 pso
925 3910 1008 3962 Sullu
1025 3911 1039 3977 ᾗ
1057 3909 1093 3963 82

108 4019 170 4056 sess
184 4004 235 4056 obs
254 4011 281 4057 to
301 4005 333 4069 Q.
353 4003 485 4057 Hortensi
506 4003 618 4067 fuctum
640 4019 696 4053 ιιοιι
720 4002 960 4070 reprebendatur,
997 4018 1097 4070 repre·

108 4113 135 4149 us
152 4113 249 4150 sseum.
292 4096 385 4160 Huic,
422 4096 496 4166 quod
515 4113 571 4165 pre
590 4092 721 4147 messibus
740 4101 798 4159 est,
823 4092 945 4149 similius
962 4094 1093 4148 illudui-

108 4188 176 4252 usit,
214 4191 289 4258 quod
308 4190 337 4243 in
362 4191 446 4242 Tusc.
467 4187 513 4252 ll,
551 4187 586 4238 ts
605 4187 715 4255 legitur
733 4187 842 4253 (sedin
861 4186 945 4239 breui
964 4186 1098 4239 erutione

108 4280 182 4349 ius)=
201 4289 317 4350 pessunt
335 4283 409 4336 ocuti
425 4279 572 4351 (dolose),
590 4285 682 4347 potest
699 4287 801 4350 ceput,
821 4282 922 4342 lutera,
938 4279 1095 4344 pulmones,
