2730 5016
162 303 164 307 ’
217 355 279 417 em
592 342 831 411 excussos
855 343 936 408 vn.

219 550 294 601 bone
311 540 724 612 diuersitatempconmemoroh
742 546 888 594 uttsmeur
909 551 1112 611 nequequam,
1135 555 1198 611 que
1206 539 1318 594 Bohlirt

219 647 318 705 Stuhri
337 644 432 716 opinio
449 645 522 707 inii,
543 661 606 699 eum
627 642 711 698 buius
727 642 840 714 generis
859 644 1012 715 proprium
1034 661 1100 698 esse
1126 653 1229 715 operte
1245 643 1317 715 sigri-

219 755 296 811 tinet.
334 752 406 806 Nom
425 767 510 820 quom
532 748 839 820 eeterospbilosoplriu
852 750 944 818 portis
963 749 1152 804 breuissume
1173 765 1318 802 conmemo-

219 862 326 917 rosset,
353 855 389 907 ob
407 852 442 908 iis
462 854 565 923 (Atpne
583 853 627 905 his
646 854 681 905 de
704 853 787 904 relos
805 851 873 920 dee.)
895 856 930 907 od
952 870 1020 910 eom
1041 853 1210 918 transiens,
1229 854 1262 905 de
1277 866 1320 921 pos

219 978 295 1015 nuuc
313 952 454 1030 egendum
472 963 514 1022 st,
540 973 625 1028 quom
645 973 707 1010 eom
727 950 901 1012 nominasset
918 956 977 1026 (De
996 976 1108 1012 summo
1128 961 1225 1011 oeten
1241 955 1320 1022 doro),

217 1067 267 1120 liic
285 1066 400 1118 demum
421 1062 481 1116 eius
502 1060 671 1115 discriminis
689 1060 850 1127 librorum,
872 1064 947 1132 quod
966 1063 1203 1131 discrepantium
1223 1067 1321 1115 senten·

218 1171 323 1223 tiorum
344 1168 459 1221 ndierre
476 1182 556 1235 posse
575 1165 735 1230 uidebatur,
754 1165 924 1220 mentionem
943 1166 1026 1221 feeit.
1038 1167 1063 1233 ¹)
1104 1167 1223 1221 Alteros
1235 1164 1320 1217 (lieres

218 1272 385 1345 populosius
405 1269 524 1340 scriptos
542 1269 629 1322 tuisse
648 1269 699 1334 ιιι,
717 1269 823 1322 olteros
841 1270 977 1335 limatius,
989 1271 1021 1323 id
1039 1277 1095 1337 est,
1116 1277 1151 1325 ut
1169 1269 1198 1324 in
1217 1271 1320 1325 sdnnto·

218 1380 297 1432 tione
315 1373 473 1445 expositum
491 1376 534 1438 st,
573 1390 636 1426 cum
656 1372 806 1428 subtiliore
824 1380 853 1427 et
870 1374 1034 1428 astrictione
1054 1374 1194 1430 ueritstis
1211 1374 1321 1445 explico·

218 1482 341 1546 sinuat).
377 1479 432 1531 Sed
453 1478 506 1530 hos
526 1483 696 1547 posteriores
715 1495 770 1530 non
798 1479 834 1532 oh
853 1478 920 1548 ipsis
938 1477 1135 1549 scriptoribus
1156 1478 1318 1541 editos‚sel

220 1585 248 1638 in
276 1580 487 1636 commentariis
508 1582 589 1653 quusi
610 1581 686 1635 domi
708 1589 833 1636 retentos
854 1583 952 1636 trudit.
986 1589 1095 1653 ltsqne
1118 1583 1227 1638 iniuris
1242 1598 1317 1652 nuper

217 1685 349 1743 Stnlrrius
367 1684 500 1752 (dristot
518 1686 545 1738 ll
564 1705 590 1755 p.
610 1685 661 1752 85)
674 1685 801 1757 negauit,
832 1687 869 1740 sb
888 1689 950 1741 ullo
964 1695 1068 1742 uetere
1083 1688 1231 1760 scriptore
1248 1704 1317 1758 oper·

218 1793 255 1845 tis
283 1790 380 1844 uerbis
406 1788 497 1855 trudi,
535 1791 611 1860 quod
638 1790 742 1844 Strabo
761 1789 904 1860 significet
930 1790 960 1844 in
978 1792 1146 1847 notissums
1166 1792 1316 1847 ιιιιιιιιιιι

217 1895 301 1961 (lilii
323 1914 349 1964 p.
367 1893 451 1959 6⁰9),
484 1893 668 1948 Aristotelem
687 1894 776 1950 libros
795 1911 860 1948 suos
878 1892 994 1949 meionis
1012 1897 1160 1952 momenti
1179 1899 1315 1969 plerosque

218 1995 303 2066 (πλήν
320 1992 415 2068 ὀλίγων
433 2003 476 2051 και
486 1993 607 2066 μάλιστα
625 1995 681 2052 suiv
698 1996 870 2070 ἐξωτερικῶν)
890 2017 945 2054 nou
966 1999 1062 2071 ipsum
1082 2001 1219 2056 edidisse.
1253 2002 1314 2055 osu

217 2103 291 2172 quod
311 2102 385 2155 idem
405 2101 444 2164 (ΙΙ
463 2120 489 2168 p.
509 2100 576 2169 ιιι)
594 2102 733 2156 Niebuhri
751 2101 911 2172 opinionem
931 2105 1078 2175 quendem
1098 2124 1226 2178 sequeus
1237 2105 1313 2172 (llist

217 2208 300 2260 Rom.
322 2211 336 2256 1
355 2223 381 2272 p.
402 2202 439 2254 2⁰
456 2202 500 2258 ed.
519 2203 569 2268 ιι),
602 2204 630 2258 in
649 2206 859 2260 commentariis
876 2208 990 2262 relictos
1008 2226 1058 2264 eos
1076 2210 1174 2265 libros
1193 2210 1251 2265 diei
1268 2225 1310 2279 ps·

216 2311 277 2372 tot,
318 2324 387 2376 quos
411 2306 577 2359 Aristoteles
604 2313 632 2362 et
650 2311 867 2380 Theopbrsstos
885 2329 941 2367 noo
959 2312 1076 2379 stetim,
1114 2332 1206 2386 quom
1223 2311 1309 2384 scripti

216 2418 325 2476 essent,
362 2409 502 2465 ediderint
527 2412 577 2464 sed
603 2412 781 2484 uliquomdiu
813 2413 983 2470 retinuerint
1016 2425 1047 2472 et
1073 2418 1203 2473 subinde
1230 2435 1313 2472 emes·

217 2515 368 2579 donreint,
405 2515 529 2586 primum
554 2515 634 2571 illius
668 2517 838 2592 uliqonudin
874 2526 903 2574 ot
931 2518 1064 2575 editionis
1096 2531 1201 2594 postes
1227 2539 1312 2576 nosse·

216 2627 286 2674 outo
309 2635 344 2672 ne
371 2616 530 2672 minumum
564 2620 677 2689 quidem
714 2622 869 2694 uestigium
901 2631 926 2679 st
957 2622 986 2678 io
1020 2627 1125 2682 uerbis
1162 2626 1311 2690 Ciceronise

215 2724 317 2779 deinde
350 2722 530 2792 perspicuum
561 2731 604 2788 st,
643 2724 667 2778 si
692 2726 728 2778 ds
757 2726 921 2780 huiusmodi
947 2729 1072 2797 quodem
1102 2732 1310 2788 Aristoteliset

214 2825 411 2895 Theophrasti
445 2827 650 2880 consuetudine
683 2829 782 2885 Cicero
814 2832 998 2902 loqueretur,
1043 2840 1076 2888 ιιι
1110 2843 1200 2891 untes
1237 2835 1309 2890 dixit:

213 2926 371 3004 ἐξωτερικόν
390 2930 589 2998 appellabant,
626 2931 666 2985 sic
693 2933 740 2986 bic
765 2933 914 2988 dicendum
934 2935 1024 2990 inisse
1043 2939 1251 3011 (aliquamdiu)
1272 2957 1308 2992 se·

214 3034 382 3104 linquebant,
396 3049 472 3085 nunc
491 3034 618 3105 perfecto
631 3036 760 3106 tempore
778 3038 943 3108 significari,
955 3057 1106 3112 quousque
1128 3047 1309 3116 omninopro·

213 3153 311 3210 gressu
330 3136 367 3191 sit
383 3137 487 3189 borum
507 3135 647 3191 librorum
674 3140 710 3193 ob
731 3142 895 3196 unctoribus
910 3142 968 3197 suis
985 3163 1052 3200 eum
1070 3148 1141 3203 aliis
1164 3149 1309 3204 commori·

212 3243 296 3297 cotio.
327 3237 465 3311 Quamuis
484 3239 573 3309 igitur
590 3237 759 3297 incredibile
773 3246 821 3311 sit,
839 3247 911 3301 nihil
927 3247 1021 3317 ipsum
1030 3251 1308 3315 Aristotelemeriis,

212 3364 272 3417 qno
291 3344 417 3400 limatius
437 3343 620 3414 disputasset,
652 3346 688 3400 nd
708 3346 811 3404 instem
830 3350 901 3405 libri
924 3351 1052 3409 formum
1071 3356 1241 3413 sbsolutum
1258 3356 1309 3411 edi·

210 3450 303 3515 disse,
345 3448 499 3519 multisque
523 3448 615 3503 modis
632 3452 799 3520 retellulur,
838 3455 1033 3513 desentsntis
1052 3465 1157 3518 ιιιιιιιι
1176 3459 1308 3519 Ciceronis

210 3601 441 3616 -a——n

229 3727 250 3780 l)
265 3723 405 3770 Plutarchus
427 3724 450 3766 in
472 3726 521 3770 uite
544 3726 675 3773 Alexandri
700 3744 719 3775 e.
741 3726 813 3784 ἶτὸν
823 3725 1305 3814 ἠθικόνκαιπολιτικῦνλόγονωιιη·

262 3803 322 3846 rium
345 3801 401 3846 feeit
420 3797 477 3854 tuit
508 3794 669 3868 ἆπορῥὴτοιι
696 3809 741 3855 καὶ
773 3806 935 3874 βαθιιτὲραις
968 3806 1172 3876 διδασκαλίαις.
1227 3832 1305 3877 cosin

260 3879 314 3922 odo.
332 3878 407 3922 coros.
423 3895 443 3926 e.
458 3884 485 3926 ld
499 3897 521 3939 p.
533 3885 587 3927 111⁵
601 3885 620 3928 B
634 3877 669 3932 tn*
685 3874 771 3948 ἠθικά
783 3879 1024 3952 ι’πομνὴματακαι
1042 3891 1079 3948 eei
1100 3895 1205 3964 pensari
1236 3907 1305 3953 seisr·

257 3953 292 4004 pie
308 3966 323 3997 s
338 3955 437 4011 dialogis
452 3952 624 4026 ἕξωτερικοῒι.

223 4028 246 4079 Ι)
258 4027 349 4072 Nomen
364 4031 388 4074 ln
404 4039 535 4088 posteriore
551 4052 640 4095 genere
652 4037 784 4084 definitioni
799 4054 845 4087 nos
858 4045 935 4098 addit,
965 4050 1011 4094 etsi
1035 4066 1083 4097 nor
1110 4056 1191 4103 minor
1210 4057 1304 4103 hierius

259 4109 360 4163 ponendi
375 4124 460 4161 cnosso
474 4118 549 4162 tuisse
561 4119 663 4163 uidetur.
700 4107 912 4183 Ἀιροαματικοί
927 4115 1003 4189 λόγοι
1022 4131 1184 4186 sppellsntsr
1209 4135 1233 4180 ts
1261 4133 1303 4190 spi·

256 4185 325 4229 stolis
340 4186 388 4231 illis
402 4193 547 4245 subdititiis,
577 4208 635 4251 qous
652 4194 698 4237 ism
712 4197 860 4245 Andronicus
883 4201 989 4249 Rhodlos
1003 4204 1068 4250 libro
1083 4207 1302 4264 inseruerstttiell.

254 4260 312 4312 xx,
332 4263 362 4314 5).
409 4261 567 4333 ’Eoorspssni
597 4262 793 4338 συγγράμματα
822 4277 911 4332 primus
925 4281 1032 4336 sppeilst
1047 4283 1166 4334 Clemens
1181 4284 1302 4338 dienati

253 4336 436 4393 Peripateticum
447 4354 472 4393 et
484 4339 639 4412 ἐξωτερικόν
658 4356 684 4394 et
699 4345 855 4417 ι’σωτερικὸν
873 4355 918 4399 ium
940 4355 1073 4406 boeisnus.
