2706 5018
124 358 188 420 448
479 350 540 417 DE
561 347 739 417 rimatis
762 348 866 416 BON.

127 552 177 614 nis
209 558 346 634 ponatur
377 568 482 632 nequo
517 549 550 609 in
579 547 763 609 contrariis.
839 544 1072 630 Quoniamque
1101 548 1133 608 in
1168 548 1199 610 iis

127 655 237 733 roboc,
261 674 344 738 qnae
370 674 475 738 neque
500 654 533 715 in
557 649 734 715 uirtutibus
755 664 832 713 snnt
855 672 963 736 nequa
989 653 1025 713 in
1047 651 1143 730 uitiis,
1161 665 1196 715 est

127 774 235 826 tannen
259 758 432 845 quiddam,
455 758 541 842 quod
564 759 636 843 usui
661 759 765 843 possit
787 778 873 836 esse,
896 756 1080 821 tollendum
1101 758 1131 820 id
1149 778 1193 821 ιιι

128 882 188 932 cst.
246 867 305 928 Est
328 878 437 927 autem
462 866 533 926 eius
557 865 689 948 generis
711 865 797 926 actio
821 884 952 947 quoquo
970 864 1142 948 quaedam,
1168 876 1191 927 et
1215 924 1217 949 Ι

128 974 258 1059 quidem
287 971 382 1048 talis,
426 983 460 1031 ut
491 970 573 1032 ratio
608 968 751 1053 postulet
781 990 881 1052 agere
913 967 1042 1054 aliquid
1059 982 1092 1032 et
1110 969 1188 1033 iaotn
1215 958 1217 993 ³

128 1100 252 1141 corum.
309 1074 404 1151 Quod
428 1086 538 1136 antem
561 1075 688 1138 ratione
714 1088 823 1138 actum
846 1086 897 1151 st,
942 1074 976 1137 id
1001 1071 1134 1138 officioso
1149 1094 1186 1159 sp·

128 1183 303 1269 pellamus.
346 1180 405 1242 Est
426 1183 526 1265 igitur
548 1177 692 1243 officium
717 1181 788 1243 eins
811 1180 966 1265 generis,
999 1181 1084 1265 quod
1105 1180 1185 1243 oeais

129 1287 223 1351 bonis
254 1299 394 1372 ponatur
415 1308 475 1349 nco
499 1287 533 1349 in
558 1287 744 1350 contrariis.
1197 1272 1200 1277 ¹

188 1465 264 1509 neque
279 1449 302 1494 iu
319 1450 389 1502 cont.)
403 1462 449 1494 nec
464 1452 491 1495 tn
506 1467 527 1496 c.
542 1450 565 1494 R
605 1450 644 1505 ils)
658 1447 801 1496 arcuatur.
830 1450 969 1505 seimon.
986 1452 1008 1497 B
1044 1454 1075 1506 st)
1087 1452 1184 1500 rann

129 1534 170 1576 or.
198 1541 242 1575 nac
256 1529 281 1572 Ιι
297 1526 374 1581 bouis)
388 1538 466 1583 sequa
482 1528 509 1570 tn
524 1527 548 1570 t.
562 1526 630 1571 bPM
643 1536 693 1570 non
707 1528 734 1571 ts
749 1527 806 1572 luc
833 1528 887 1581 see)
902 1541 984 1586 senae
998 1528 1026 1574 bl

202 1683 281 1749 Quod
303 1688 395 1734 autom
414 1682 522 1735 rationo
540 1688 631 1735 actum
650 1689 692 1746 st,
722 1681 752 1734 id
770 1708 804 1722 -
821 1683 1012 1753 appellamus)
1030 1676 1186 1739 tortarius.

128 1794 212 1850 quem
232 1773 361 1838 restitui,
379 1772 529 1827 manifesto
549 1773 699 1844 flagitabat
717 1771 854 1828 sermonis
874 1772 967 1839 ratio,
986 1791 1071 1844 quoru
1087 1766 1186 1840 simplid-

129 1876 172 1925 ter
189 1886 276 1939 ganas
294 1864 446 1919 deliniatur
463 1867 547 1941 (qaod
564 1892 598 1907 -
616 1868 674 1932 id),
692 1867 809 1935 eiusque
827 1868 925 1919 nolum
946 1884 1051 1920 nornen
1067 1861 1188 1920 conclusit·

129 1961 172 2015 nis
191 1977 290 2014 caussa
309 1961 448 2027 ponatur,
466 1965 497 2011 ut
516 1958 597 2011 nulls
620 1960 686 2012 talis
704 1958 846 2013 excusatio
867 1955 1043 2012 coniunctiui
1061 1959 1109 2023 sit,
1134 1950 1187 2028 quil

129 2056 144 2122 ξ
161 2054 196 2106 17
216 2059 244 2105 ct
261 2051 296 2104 so
309 2050 349 2103 usi
371 2067 479 2103 snmus.
514 2050 681 2121 Sepissnrno
699 2058 795 2106 sutem
815 2051 927 2104 librarii
950 2051 1039 2105 etiam
1057 2050 1085 2104 in
1101 2044 1189 2117 satit*

130 2144 273 2199 codicibus
292 2160 324 2194 ex
346 2142 400 2194 lrao
417 2141 558 2211 scriptura
579 2146 630 2207 (st)
648 2143 810 2197 astisterunt
830 2145 876 2209 sit,
894 2143 975 2197 cuius
994 2142 1104 2214 generis
1118 2137 1190 2195 ures&

130 2236 216 2290 otiam
235 2251 309 2287 nuno
328 2251 381 2285 non
405 2249 497 2303 panca
523 2235 651 2288 tollenda
674 2242 740 2289 sunt
758 2235 786 2288 in
814 2233 960 2290 Ciceronis
988 2235 1099 2306 scriptis
1119 2230 1189 2287 arb·

41 2392 45 2401 Ι
129 2345 210 2382 sunta
227 2325 364 2380 orationis
382 2328 501 2395 regula,
541 2328 622 2381 uelut
640 2345 690 2397 pro
710 2329 779 2381 Grec.
805 2329 840 2380 7⁴
858 2328 938 2400 (qaid
965 2329 1054 2392 refert
1073 2353 1104 2368 ·-
1120 2322 1190 2378 ΗΜ

130 2421 196 2472 lene
212 2425 339 2487 parturn,
359 2418 384 2469 si
401 2418 534 2470 incertam
552 2420 656 2471 sit-
675 2419 815 2487 siparum
837 2419 888 2471 sit
908 2421 1099 2474 commonita·
1114 2410 1190 2477 ised

130 2540 164 2554 -·
180 2511 326 2580 potasti),
363 2507 487 2578 Philipp.
508 2511 562 2575 Vl,
581 2511 616 2565 15
633 2511 674 2574 (in
693 2511 724 2564 b.
744 2512 846 2564 Antoni
871 2511 1001 2565 clientela
1027 2512 1088 2565 stit
1119 2502 1210 2563 aas

129 2606 218 2659 babet
236 2602 364 2668 Gallium
384 2602 418 2653 de
437 2602 513 2656 iacto
533 2603 755 2657 admirabundus
774 2602 871 2657 Cicero
890 2605 1010 2675 querit,
1033 2621 1103 2668 noo,
1119 2552 1217 2717 derbi

129 2698 264 2763 debeat),
285 2697 320 2748 ad
340 2696 398 2747 dtl.
420 2695 489 2758 vlt,
523 2694 558 2759 3,
576 2698 592 2750 l
612 2698 678 2763 (etsi
694 2697 879 2766 cupidissume
897 2697 1049 2765 expetitura
1067 2713 1084 2748 a
1100 2710 1136 2746 ιο
1148 2688 1190 2753 td),
1211 2730 1217 2777 '.

129 2790 166 2843 ad
184 2789 264 2842 Fam.
285 2792 313 2850 1,
331 2786 364 2849 b,
382 2785 401 2838 2
419 2787 488 2853 (etsi
504 2787 607 2840 rninorc
622 2790 650 2840 in
668 2807 700 2841 rc
716 2790 838 2841 uiolatus
854 2794 903 2841 taa
921 2789 1050 2858 dignitas
1066 2802 1140 2861 psa·
1151 2792 1189 2835 stt
1210 2802 1217 2889 p

129 2881 247 2946 adflicto
265 2881 316 2943 sit3
335 2886 473 2948 conparat
490 2880 559 2933 duaa
578 2897 622 2932 ros
637 2881 755 2948 laotos),
774 2880 859 2933 dead.
879 2884 916 2943 11,
935 2880 971 2934 ts
992 2880 1071 2948 (nors,
1087 2876 1190 2951 apid·
1207 2888 1217 2905 '¹

129 2973 278 3027 uerisimile
297 2971 356 3024 siti
394 2971 473 3023 codd.
492 2989 561 3035 noa,
588 2973 713 3040 inquam
746 2970 926 3026 scribendum
947 2974 990 3025 ris
1016 2978 1189 3038 consuas*

130 3065 338 3128 uerisimilem,
360 3064 400 3116 sic
418 3064 500 3116 etiarn
518 3066 759 3133 moueri),‘1'nsc.
780 3065 810 3129 1,
832 3065 865 3116 tl
885 3065 924 3128 (ri
943 3082 1009 3117 aero
1029 3071 1077 3118 aet
1095 3066 1206 3137 saut*-

129 3158 240 3230 quidam
255 3157 289 3208 si
297 3163 308 3207 t
333 3156 441 3208 animas
465 3183 518 3219 -—‚
537 3156 623 3208 rnalto
649 3157 732 3210 etiarn
757 3158 912 3227 integriora
937 3174 973 3210 aa
997 3157 1111 3227 puriora
1133 3146 1195 3209 sdl

129 3255 324 3302 conmemorat
343 3247 496 3302 sententias
512 3265 599 3317 supra
620 3250 756 3318 positas),
775 3250 879 3304 Par-ad.
897 3247 933 3302 39
951 3249 1097 3326 (quidquid
1113 3247 1202 3319 ta*-

130 3340 229 3391 tiotnrn
247 3340 316 3403 sit,
331 3342 426 3405 saeit5
467 3342 519 3394 cfr.
542 3343 577 3394 ad
600 3342 612 3393 1
633 3343 732 3410 510),
761 3342 797 3394 de
816 3343 852 3399 R.
872 3342 904 3394 Ρ.
920 3348 942 3407 Ι,
960 3341 997 3395 58
1014 3342 1089 3412 (ipss
1105 3333 1188 3408 ιβ

130 3431 321 3504 inaeqaiaransa
339 3433 394 3493 sit,·
412 3450 487 3486 nuno
506 3434 591 3487 odunt
603 3434 669 3501 fit),
687 3434 745 3487 ibd.
763 3439 814 3497 ΙΙΙ,
833 3434 851 3488 o
869 3435 927 3500 (sin
945 3435 1020 3487 alter
1039 3440 1103 3501 alra
1116 3431 1146 3485 sil
1156 3420 1198 3495 fl„

128 3522 282 3589 prudentia
301 3523 467 3599 deligepdas
488 3543 543 3579 noo
563 3523 728 3594 hypothesis
747 3532 805 3592 est,
824 3527 873 3580 scd
892 3527 1041 3593 candidos
1058 3514 1193 3601 rasari·

129 3614 213 3665 aliter
233 3614 372 3681 citatior
408 3623 491 3687 puto,
531 3617 697 3672 Ciceronem
715 3618 874 3689 scripsisses
914 3619 958 3672 sin
976 3612 1068 3673 alters
1084 3624 1109 3672 st
1125 3606 1194 3675 slfll.

129 3706 162 3760 n‘.
183 3707 217 3759 Ι).
237 3707 269 3770 1,
286 3706 321 3760 48
339 3709 384 3772 (ea
395 3710 497 3777 figura
513 3712 642 3778 prosecta
662 3717 705 3773 st,
723 3729 783 3785 poa
801 3710 998 3779 pulcherruma
1017 3712 1069 3764 sit
1087 3706 1187 3764 mlflt

129 3816 184 3852 non
203 3797 287 3851 disits
308 3798 376 3863 tali,
395 3801 480 3853 alsit
495 3801 709 3869 pulcherruma,
727 3804 793 3857 sed:
813 3803 975 3867 bobelenus,
995 3820 1076 3878 qm
1090 3794 1186 3872 pald*

129 3907 233 3941 ramam
253 3907 311 3942 esso
328 3892 424 3959 posui,
462 3891 625 3959 lismonam,-
644 3897 743 3950 eodem
758 3894 832 3948 libro
850 3895 864 3962 5
881 3892 1004 3949 Matisa
1021 3896 1074 3958 sit,
1111 3894 1189 3957 es!

128 3979 180 4032 alii
198 3982 274 4034 aurit
292 3984 437 4048 locarant,
457 3985 514 4038 iam
534 3992 694 4042 correctum
713 3990 769 4054 st),
787 3986 844 4039 ibd.
863 3984 899 4038 68
917 3986 1005 4061 (th
1024 3988 1092 4041 Μ’.
1107 4000 1136 4039 θ’
1148 3982 1188 4033 ¹¹⁹¹

128 4074 267 4139 missit,
304 4077 334 4129 id
352 4084 448 4130 natam
466 4079 615 4152 aliqnando
634 4082 704 4144 sits
739 4077 879 4151 posterius
909 4079 946 4130 sit
964 4080 1089 4135 alterurn
1105 4068 1191 4137 tntilli

129 4168 164 4218 da
182 4167 253 4220 raro
272 4168 308 4221 tto
326 4170 379 4235 (As
398 4170 423 4221 si
441 4171 480 4221 ita
494 4173 589 4236 saluas
608 4174 660 4225 sit
678 4190 799 4239 -‚non
813 4172 916 4241 poterit
935 4172 1018 4240 diei),
1034 4168 1118 4227 omt.
1133 4154 1192 4231 l..
1213 4194 1217 4205 ³

129 4261 256 4331 (quarunt
278 4277 333 4313 rana
352 4262 380 4312 in
400 4279 491 4314 reram
512 4270 686 4319 externorum
705 4265 885 4333 despicientia
900 4266 1034 4334 positar,
1061 4268 1195 4341 φημ’

128 4363 240 4404 suasam
258 4352 292 4403 si
299 4358 328 4416 t‚·
367 4371 422 4408 non
443 4371 541 4412 cauus
559 4356 704 4424 adfertur,
725 4357 774 4410 sed
793 4356 965 4412 describitur
983 4356 1091 4413 dictust
1115 4362 1140 4411 el
1154 4358 1199 4407 a·
