2706 5018
476 385 729 453 PllAEl'A'l'IO.
1084 391 1160 455 titt

69 542 185 635 l'ntrelrro
207 574 380 656 pertinet
412 572 456 633 nd
482 574 583 656 ipsunt
607 571 799 658 philologiae
823 574 1037 656 dignitatern,
1083 598 1156 658 pru·

67 681 140 741 denter
153 680 257 763 inagis
282 699 407 762 quarn
433 678 640 763 indulgenter
660 679 788 742 londnri
807 682 959 765 untirpros
978 682 1155 761 scriptores

10 780 15 837 l
68 783 229 868 etrtenipla
260 782 370 847 bene
410 780 577 846 scribendi
602 787 750 869 proponi.

124 890 265 969 Deinde,
293 891 329 952 si
363 912 435 975 qun
458 904 551 953 erent
565 892 597 953 in
620 892 779 952 orationis
811 896 1025 975 gronnnntien
1048 894 1151 956 lorino

68 1016 101 1057 rur
114 996 281 1060 nerliornrn
310 995 572 1081 significatione
594 1009 651 1059 aut
672 994 813 1059 obscura
830 1009 888 1059 atet
906 1001 1013 1062 rnirnre
1037 998 1151 1085 uolgu-

67 1106 109 1177 rir,
131 1106 223 1167 etiarn
261 1117 382 1166 extra
408 1106 577 1187 scriptnrre
602 1103 840 1167 dubitationem
866 1118 898 1166 et
919 1106 1064 1167 criticnrn
1086 1104 1151 1167 dis·

67 1213 227 1291 pontionem
245 1211 417 1273 studiose
442 1209 608 1289 adnotnni‚
632 1222 665 1272 et
689 1232 733 1272 ox
758 1208 820 1272 hoc
843 1231 966 1295 genere
990 1208 1093 1272 nrulta
1117 1212 1150 1270 in

68 1314 104 1377 irs
120 1318 388 1381 commentarios
418 1313 553 1394 rettuli,
594 1338 665 1401 quse
690 1317 731 1379 nd
763 1314 933 1380 Ciceronis
966 1315 1149 1379 nliorornne

67 1420 190 1487 lilnnrrnn
233 1424 343 1487 locos
381 1422 606 1485 ernendnndos
645 1421 905 1508 explicandosue
936 1424 1149 1507 pertinerent.

65 1528 176 1617 lr,qure
200 1552 299 1614 scepe
315 1532 386 1591 iarn
402 1529 490 1592 dictu
507 1544 540 1592 et
560 1552 617 1615 per
640 1528 817 1593 nroltorrnn
841 1529 945 1593 libros
969 1542 1147 1614 peruagata

64 1654 126 1711 serit,
143 1636 197 1701 lric
219 1658 264 1698 ne
289 1637 368 1719 quis
392 1648 527 1719 quaerat.
569 1635 680 1721 Atque
705 1639 737 1699 in
762 1638 802 1699 iis
826 1638 942 1713 etiem,
965 1657 1036 1721 qnce
1061 1636 1146 1711 disi,

63 1744 249 1819 breuitatem,
267 1754 434 1826 quantuni
445 1744 548 1826 potui,
566 1756 699 1806 secutus
713 1766 796 1807 snrn.
820 1741 1025 1806 Atticorum
1045 1740 1148 1803 horni-

62 1870 180 1935 nnnrque
216 1846 416 1929 nprninilius
442 1850 601 1925 iactandis
624 1862 741 1913 nature
765 1871 836 1912 rnen
861 1846 1033 1921 abliorret3
1058 1849 1148 1909 testi-

60 1961 149 2019 nonin
169 1957 392 2039 rationesque
417 1975 481 2016 non
509 1957 626 2039 opinor
649 1955 870 2019 desideratum
897 1955 948 2015 iri.

133 2060 337 2144 ,llultoplus
359 2059 438 2138 loci,
461 2082 557 2145 quarn
582 2059 716 2139 uellent,
739 2064 772 2124 in
797 2061 1039 2125 commentariis
1068 2061 1147 2122 nreis

60 2184 181 2253 occnpnt
212 2167 357 2230 aliorum
382 2168 537 2230 refutatio
564 2179 661 2253 etque
687 2171 786 2231 etinnr
811 2166 1034 2253 reprehensio.
1082 2165 1147 2228 Sed

60 2274 220 2336 scrilirnns
254 2294 363 2357 neque
385 2275 501 2359 peritis
522 2273 604 2339 solis
629 2297 733 2362 neque
756 2277 815 2351 iis,
861 2275 915 2357 qui
939 2271 1090 2334 lubenter
1115 2285 1147 2333 et

59 2378 240 2463 sinpliciter
263 2381 437 2442 ueritatern
461 2380 652 2457 admittunt,
699 2383 871 2467 potiusque
896 2376 990 2441 rnnlti
1015 2378 1146 2461 eclogia

60 2499 194 2566 preerunt
220 2496 419 2569 ueteresque
449 2508 580 2549 errores
604 2490 697 2573 qrrnsi
722 2508 808 2549 nona
832 2487 967 2547 inuento
991 2482 1147 2545 referunt.

60 2590 201 2652 :icles-ssit
238 2590 419 2675 singularis
458 2592 603 2677 qnaedrnu
635 2615 750 2657 caussa
783 2615 821 2656 nc
846 2592 1036 2654 necessitas.
1078 2586 1145 2651 lle-

60 2698 100 2757 dit
120 2698 206 2759 enirn
233 2695 315 2759 nrilri
334 2697 486 2775 fortune,
507 2699 578 2776 coi,
607 2701 636 2761 si
655 2719 782 2763 sumnia
802 2720 855 2763 res
876 2707 1053 2782 spectetur,
1073 2715 1145 2756 suc-

62 2802 208 2882 cederem,
231 2802 467 2880 Goerenziurn,
487 2825 583 2889 qnenr
605 2826 680 2890 ego,
702 2826 743 2868 ex
763 2827 827 2889 qno
850 2805 990 2889 primurn
1015 2799 1146 2861 Cicero·

64 2913 104 2971 eie
121 2912 159 2973 de
181 2908 394 2996 philosophie
408 2908 513 2975 libros
534 2913 649 2976 studiis
670 2916 752 2977 ineis
774 2912 891 2995 nitigi,
909 2911 1020 2973 nescio
1037 2920 1145 2970 utruur

67 3019 184 3081 uirntus
205 3019 269 3080 einr
293 3020 400 3103 iringis
422 3039 465 3081 nn
490 3017 695 3105 indignatnsr,
718 3017 830 3105 aliquo
849 3018 934 3080 inter
956 3013 1145 3101 philologos

68 3118 123 3185 loeo
151 3122 301 3187 habiturn
323 3144 397 3187 esse
430 3136 464 3187 et
487 3145 571 3189 nnnc
610 3147 739 3211 quoqne
770 3122 981 3190 ononnnllis
1003 3120 1142 3195 lrnberi;

75 3292 281 3311 ψ

120 3434 195 3487 μοι
210 3416 265 3488 fit,
302 3416 338 3469 id
363 3424 417 3469 neit
445 3418 623 3473 extimescere
641 3420 759 3473 ueniens
779 3422 831 3467 eret
851 3431 908 3467 uon
923 3414 1002 3483 ferre
1018 3432 1143 3484 preesens

122 3527 207 3562 nesae
224 3518 310 3579 turpe
327 3512 381 3560 et?
415 3508 506 3579 Atqui
524 3508 689 3583 postuletur
707 3515 736 3561 et
754 3506 887 3559 laudetur
907 3507 1013 3561 doloris
1031 3509 1142 3576 patien-

119 3600 377 3663 ciceronianum
393 3616 449 3653 nee
468 3600 563 3655 l'ertor
583 3604 671 3657 dolor.
707 3600 777 3653 llaec
798 3597 1063 3669 igitureCicerone
1077 3616 1140 3652 eon-

121 3694 176 3747 luee
193 3712 271 3761 esse,
301 3689 463 3747 Nissenius
481 3694 701 3757 animaduertit,
719 3688 887 3763 addiditque
903 3691 1048 3753 modeste,
1066 3690 1143 3761 qnod

118 3788 234 3855 putidum
253 3786 383 3843 uidetur
399 3782 480 3847 diei,
497 3784 689 3857 scriptoribus
709 3782 836 3854 antiquie
856 3782 986 3855 quedem
1004 3780 1144 3833 inherere

117 3884 257 3939 amnt.
282 3876 387 3951 magis
408 3894 493 3949 quem
510 3875 658 3949 probanda
675 3883 725 3929 aut
744 3874 902 3937 imitanum
919 3874 1006 3928 modo
1024 3889 1061 3927 uc
1079 3890 1143 3926 cna-

118 3970 232 4037 celutlw„
251 3992 325 4035 em
356 3968 504 4031 dixissen
522 3986 588 4023 nem
607 3968 766 4043 eputectiea
785 3967 926 4021 orationis
951 3966 1043 4020 loma
1061 3970 1143 4037 optu-

116 4080 151 4119 ιε
170 4080 290 4131 comm,
357 4060 446 4131 Quid
464 4060 622 4115 llloecrue?
651 4060 717 4115 Non
735 4060 833 4115 ierem
852 4057 1000 4113 andaciam
1018 4058 1145 4121 Meceni,

10 4202 12 4227 :
115 4154 191 4223 elem
211 4170 258 4225 nit
286 4164 372 4241 poet
405 4172 491 4231 quen
515 4156 570 4225 fit,
607 4152 685 4227 quod
710 4150 858 4207 facillume
882 4150 1069 4219 intellegetur
1096 4152 1145 4215 (t),

10 4230 12 4235 Ι
113 4248 203 4323 delun
218 4262 321 4339 μή,
365 4266 407 4305 ex
442 4244 570 4311 colinutl
598 4242 758 4299 difficulter
783 4242 877 4299 tuditi
907 4244 1030 4297 dolerent
1045 4258 1144 4309 perpe-

109 4344 211 4417 Μ,
250 4348 328 4413 δρᾶ
349 4340 433 4421 ¹quid
450 4338 504 4395 liet
522 4336 708 4397 conclusione
728 4345 756 4393 et
777 4336 937 4395 sententie.
957 4332 982 4387 si
1002 4325 1081 4383 eliud
1100 4334 1143 4379 eet

106 4446 162 4511 Μ
175 4448 264 4511 elieel
288 4442 357 4501 id?
