2706 5018
124 369 167 429 eo
478 364 538 430 DE
560 361 738 433 FINIBUS
760 361 863 435 BON.

126 562 194 624 trini
226 574 257 624 et
282 581 428 624 caussam
460 557 630 626 ecfieiendi
660 560 874 649 reliquerunt.
945 562 1011 628 Sed
1037 562 1099 628 hoc
1128 589 1132 624 ι

128 688 225 731 mune
242 669 376 742 uitium3
401 665 480 730 iliae
502 667 636 753 Epicuri
657 671 808 755 propriae
831 671 962 745 rainee3
984 684 1132 735 censete

182 860 313 917 reficiendi)
327 876 370 911 orn.
386 864 405 907 ia
440 864 529 918 eeneet)
544 868 569 907 et
585 861 705 907 neman

128 1043 261 1100 uitiorum
283 1045 349 1112 (etei
375 1048 459 1101 remei
483 1048 691 1117 unumquodque
716 1035 840 1116 dicetur)
866 1054 965 1102 contre
991 1047 1053 1103 cod.
1080 1047 1132 1100 Tar

126 1154 195 1191 nem.
230 1139 297 1192 Mor
315 1139 486 1208 reliquerunt
497 1146 554 1194 eetr
572 1157 627 1191 non
644 1145 813 1207 tractarent,
832 1146 863 1194 ut
880 1141 926 1205 iv,
943 1143 971 1207 7,
989 1142 1025 1193 de
1043 1141 1127 1210 laegg.

127 1235 233 1284 Causea
253 1233 404 1299 reficiendi,
423 1250 482 1302 que
498 1231 613 1304 proprie
622 1238 657 1296 et,
674 1241 791 1305 propter
805 1251 893 1303 quen
911 1231 974 1303 quie
981 1232 1089 1304 aliquid
1100 1248 1132 1284 ec

127 1323 219 1378 minna
238 1325 353 1396 proprie
371 1341 422 1394 pro
442 1325 584 1391 ecficiente
602 1322 715 1378 dicitur.

199 1416 255 1468 itloe
276 1416 394 1484 Epicuri
406 1417 531 1485 propriae
548 1416 654 1481 rainoe3
690 1424 782 1470 ceneet
803 1416 1067 1485 enirn)1’rcnomen
1090 1414 1132 1466 itte

127 1526 215 1578 ecepe,
251 1509 409 1579 explicatur
427 1509 566 1563 eontentia
587 1526 639 1579 per
667 1512 737 1563 eninr
755 1507 867 1564 adiecta
886 1516 914 1562 et
935 1526 970 1562 eo
989 1509 1126 1567 retertur3

126 1602 162 1655 ati
183 1602 240 1666 111,
257 1601 303 1657 26.
336 1602 396 1656 Neo
412 1608 509 1655 temen
529 1602 681 1672 explicatio
700 1604 753 1657 itta
771 1601 864 1673 prime
882 1600 1024 1654 eententia
1042 1599 1132 1653 ebech

126 1694 312 1765 nequeenim
332 1694 394 1746 ulie
412 1693 495 1747 ruina
513 1698 556 1759 et,
583 1697 637 1750 etei
655 1713 775 1766 preuom
793 1701 836 1756 et,
870 1694 944 1763 quod
964 1700 1074 1746 etomoe
1091 1693 1132 1744 dei

126 1785 198 1838 terri
222 1792 318 1857 putet,
338 1785 440 1839 nedum
460 1787 555 1855 pturee
574 1786 680 1851 rainae;
701 1795 768 1842 eunt
786 1806 824 1840 eae
842 1787 870 1839 in
886 1803 994 1854 coram,
1015 1802 1075 1855 que
1094 1785 1132 1836 ed*

126 1885 184 1943 tur,
202 1877 401 1950 repugnantia.
433 1877 478 1930 Fit
498 1879 552 1931 hoc
568 1880 712 1934 interdum
730 1881 804 1950 opaci
824 1879 1008 1941 Ciceronem,
1027 1884 1075 1942 nt,
1094 1892 1132 1930 ort

104 2039 109 2047 Ι
125 1971 285 2024 nonetatim
297 1977 375 2025 recto
385 1987 470 2024 caree
484 1989 517 2024 eo
527 1973 738 2043 progrediente,
757 1991 812 2042 quo
824 1972 937 2032 debeat,
957 1967 1099 2040 particula
1110 1985 1132 2020 ri

126 2062 181 2117 tier
198 2070 368 2117 connectere
385 2061 482 2132 inepta
502 2063 644 2130 uideatur,
665 2064 689 2116 ei
706 2066 743 2118 ad
761 2081 825 2118 enm
845 2065 935 2117 eclani
957 2061 1128 2116 eententiem

128 2159 224 2219 retur,
251 2153 280 2207 in
300 2172 356 2224 qna
373 2155 466 2226 perita
484 2157 539 2222 eit,
564 2172 750 2226 maxumeque
768 2158 822 2210 hoe
839 2156 944 2209 accidit
963 2155 991 2207 ia
1013 2155 1047 2207 iie
1067 2161 1132 2225 pert

128 2264 190 2315 que
209 2247 376 2301 eonciueince
394 2246 543 2315 dicantar,
562 2251 666 2318 itaque,
685 2268 788 2320 quare,
807 2247 880 2302 aliie.
909 2250 996 2301 Uetut
1016 2248 1103 2300 Tuae.
1123 2248 1132 2298 Ι

127 2339 151 2393 ei
169 2339 229 2393 haec
242 2341 304 2394 eolo
323 2341 421 2411 legar:
449 2342 548 2411 ltaque
568 2358 674 2409 temper
694 2343 846 2407 Africanae
864 2341 1034 2393 Socraticam
1053 2343 1132 2391 Xeno

127 2438 181 2484 tem
199 2432 227 2484 in
247 2433 371 2485 monitae
389 2435 524 2500 habetat,
560 2430 631 2486 nihii
651 2433 687 2487 eit
705 2435 740 2488 cd
759 2432 907 2507 superiora
925 2431 1064 2502 ineptiue3
1100 2431 1132 2486 eir

64 2548 68 2554 ·
128 2523 252 2577 rexerit:
273 2526 352 2577 caiae
369 2526 397 2579 in
416 2528 514 2595 prirnir
531 2527 667 2580 laudabat
686 2528 773 2592 ittae,
792 2528 864 2595 qaod
882 2526 1004 2590 diceret,
1019 2525 1128 2578 eaedem

126 2632 172 2667 rer
188 2633 242 2667 non
263 2634 322 2670 eree
341 2636 415 2688 apae
431 2621 532 2689 grauis
552 2620 706 2687 inperatori
723 2626 750 2672 et
767 2620 851 2673 militi
867 2619 941 2684 &eq
976 2617 1087 2672 uideni·
1107 2617 1132 2668 tn

127 2710 248 2762 cendum
268 2707 371 2765 iubae:
407 2712 505 2782 Itepae
524 2712 678 2778 Africanae
697 2712 833 2765 taedebat
855 2712 944 2773 iliad,
981 2711 1054 2779 pund
1074 2709 1132 2762 Xen

127 2803 232 2857 diceret
249 2804 302 2861 &a
340 2804 458 2859 Adiectn
481 2804 644 2859 oireeraetio
663 2803 805 2875 primarie
826 2803 970 2858 sententia
989 2804 1085 2856 locem
1104 2820 1132 2855 oc

45 2945 55 2957 ,
128 2896 178 2950 ait.
233 2896 369 2952 Eiaedem
390 2898 503 2970 generie
521 2898 652 2958 horeat,
690 2898 725 2951 de
743 2898 823 2952 Orat.
841 2903 883 2961 11,
920 2894 988 2948 217:
1030 2895 1129 2964 itaque

126 2989 258 3055 quosdam
272 2989 383 3043 Groecor
402 2992 549 3061 inecriptor
568 2990 654 3043 titroe
672 3008 731 3044 eeee
749 2990 878 3044 uidr‘eeern
898 2988 932 3045 de
950 2987 1089 3051 ridiculis,
1106 3005 1132 3039 nc

128 3080 184 3132 ianr
206 3082 233 3132 in
251 3099 325 3150 rpem
346 3101 491 3148 uenerem,
527 3100 609 3154 poree
637 3102 679 3137 nee
703 3082 809 3152 aliquid
833 3097 866 3132 er
884 3080 946 3132 ietie
965 3080 1081 3133 discere.
1130 3112 1132 3129 1

127 3172 293 3238 Ernestirm
325 3176 403 3227 mnte
420 3177 480 3228 hec
497 3177 640 3230 coherere
658 3193 722 3228 cum
740 3173 950 3245 superioribne‚
975 3171 1004 3224 in
1023 3171 1127 3244 qcriirae

127 3263 289 3334 significata
307 3271 333 3318 et
350 3281 436 3318 ceaee
454 3266 617 3322 huiuamodi
636 3267 712 3337 epei,
738 3268 786 3321 red
806 3266 900 3337 potius
918 3264 1099 3335 desperandi.

129 3356 184 3409 erit
201 3357 364 3419 conclusio,
396 3356 418 3408 ei
439 3358 531 3426 itaque
549 3361 585 3413 ad
606 3374 743 3429 proxuma
761 3359 924 3414 rettuleris:
962 3358 1057 3410 inueni
1073 3363 1132 3409 eati

129 3448 224 3500 dicata
252 3455 279 3500 et
304 3449 380 3501 natea
408 3450 497 3503 malta
524 3451 701 3516 Graeoram3
727 3480 760 3493 -
790 3453 840 3505 red
865 3452 914 3520 qai
941 3452 999 3504 ciue
1022 3450 1065 3501 rei
1092 3466 1132 3502 rat

129 3542 267 3609 quandam
288 3543 380 3595 conati
398 3550 462 3595 eant
484 3550 625 3613 artemque
643 3544 772 3606 tradere,
809 3546 850 3598 eie
877 3544 977 3597 ineutei
1002 3542 1132 3605 extitere·

128 3634 237 3687 Eadem
254 3634 328 3688 rotie
347 3641 373 3689 et
390 3634 419 3689 in
438 3635 513 3689 libro
535 3638 545 3689 1
564 3638 599 3689 de
617 3638 650 3691 N.
671 3638 705 3690 D.
725 3636 770 3703 85,
784 3638 834 3690 ubi
853 3639 946 3705 itaque
965 3633 1132 3705 pertinetur

129 3728 157 3778 in
175 3726 228 3780 trac
249 3728 289 3780 ita
311 3728 436 3797 experire
455 3731 590 3782 eontentio
609 3735 682 3793 rant,
702 3731 750 3798 qai
767 3731 930 3782 eeietonreet
949 3725 1003 3782 &a
1047 3727 1132 3779 Hanti

129 3821 256 3874 Turseli.
275 3821 334 3885 111,
354 3840 381 3891 p.
401 3821 454 3874 5111
473 3820 501 3874 in
521 3823 576 3875 hoc
593 3828 622 3874 ot
638 3822 704 3875 eliie
724 3820 937 3891 eliquatiora,
971 3819 1017 3888 qni
1038 3818 1119 3873 nuile

128 3908 172 3965 eto
186 3913 318 3982 egebant,
332 3913 425 3981 itapoe
445 3915 507 3968 erait
520 3930 595 3967 cere:
616 3914 788 3983 acsgleietre
803 3912 904 3979 werae,
920 3912 994 3981 quod
1016 3927 1132 3980 numqui

129 4002 254 4070 gnificat.
283 4005 416 4074 Apertior
427 4011 468 4059 eet
487 4006 546 4059 hec
564 4006 709 4061 eontentie
727 4005 922 4060 enbnectenie
941 4003 1132 4073 cumprimeri

130 4095 248 4147 mutatio
267 4102 317 4147 eat
334 4098 437 4151 saitem
455 4099 569 4167 requetio
593 4099 729 4153 connexio
746 4099 774 4152 in
794 4097 843 4161 iia,
883 4106 942 4166 que
968 4094 1057 4167 attigi
1083 4114 1132 4167 eup

130 4186 205 4255 515.
248 4186 345 4238 Ruina
369 4204 470 4242 nomen
497 4190 526 4245 tr.
551 4190 570 4242 1.
599 4192 699 4245 eodem
726 4191 809 4245 modo
828 4190 864 4241 cte
891 4205 987 4242 errore
1012 4187 1078 4260 poni
1104 4187 1132 4241 ni

130 4297 185 4350 quo
203 4279 279 4349 apud
297 4278 460 4332 Lucretium
476 4286 506 4341 1,
528 4281 581 4334 rto
598 4282 764 4353 (Principiis
784 4290 873 4336 tamen
895 4282 923 4334 iu
941 4299 1031 4335 rorent
1047 4282 1132 4346 secer:

130 4373 195 4437 nae)
214 4377 242 4426 et
260 4372 379 4425 aerbnm
406 4371 585 4428 coniunctam
605 4375 681 4431 intra
700 4382 736 4443 ΙΙ,
756 4374 798 4431 le
827 4376 869 4445 De
886 4374 1003 4446 Epicuri
1022 4371 1132 4445 phyeici
