2706 5018
355 374 412 439 ET
435 374 545 441 MAI„
569 375 653 441 LlB.
676 377 722 443 lv
748 379 844 444 CAP.
866 382 918 443 22.
1118 382 1178 445 but

108 573 260 633 uicissent
281 568 425 634 Platonis
450 572 519 649 illi,
569 586 601 637 et
623 575 777 660 deinceps
800 577 855 660 qui
878 594 990 637 eorum
1014 574 1179 638 auditores

108 675 243 755 luerunt,
286 688 319 738 et
351 690 457 741 tecum
486 681 532 742 ita
555 678 752 766 loquantur?
798 679 886 744 ”Nos
909 702 1006 765 quom
1031 693 1084 758 te,
1130 678 1176 743 Μ.

108 779 196 861 Ceto,
228 782 511 848 studiosissunrum
534 785 782 873 philosophiae,
808 789 1033 850 iustissuntum
1059 789 1177 863 uirum,

108 902 257 973 optumum
277 886 435 968 iudicem,
481 891 778 977 religiosissumum
804 906 941 970 testem,
979 893 1177 969 audiremus,

108 994 238 1057 admirati
260 1015 384 1072 sumus,
406 996 482 1081 quid
505 1012 604 1075 esset,
630 1022 686 1062 eur
711 999 808 1064 nobis
832 999 961 1062 Stoicos
984 998 1177 1073 anteferres,

108 1100 205 1183 quide
224 1099 324 1164 rebus
348 1098 443 1164 bonis
472 1088 505 1165 et
528 1104 624 1168 melis
655 1110 815 1170 sentirent
833 1127 891 1183 es,
935 1125 1019 1189 qtrse
1050 1103 1176 1166 abhoc

108 1200 389 1270 Polemone.Zeno
429 1224 648 1294 cognouerat,
693 1211 880 1285 nominibus
913 1224 1083 1274 uterentur
1122 1211 1176 1287 iis,
1256 1250 1260 1258 -

108 1330 173 1393 quse
194 1314 295 1398 prima
318 1316 429 1398 specie
460 1315 730 1397 admirationem,
777 1341 813 1382 re
837 1315 1028 1403 explicata,
1072 1318 1174 1379 risum

108 1433 265 1482 mouerent.
309 1417 513 1499 Tudertem,
547 1426 574 1485 si
598 1423 658 1486 tibi
678 1423 738 1488 ills
760 1422 1004 1510 probabantur,
1028 1444 1085 1485 cur
1109 1443 1174 1484 non

108 1527 225 1607 propriis
246 1523 358 1609 uerbis
380 1524 441 1590 illa
465 1528 621 1593 tenebss‘l
656 1533 762 1594 sinte
788 1532 965 1594 auctoritas
989 1549 1176 1592 commoue-

108 1620 166 1707 btt,
193 1630 330 1694 nobisne
355 1632 507 1697 omnibus
532 1648 565 1699 et
588 1636 719 1700 Platoni
743 1639 804 1722 ipsi
829 1638 1056 1720 nescioquem
1081 1635 1174 1699 illum

108 1736 328 1820 anteponebant
374 1744 567 1822 praesertim
602 1764 698 1827 quom
729 1744 763 1805 in
798 1764 833 1805 re
863 1739 992 1827 publiea
1024 1743 1174 1824 princeps

108 1854 162 1904 tue
181 1842 302 1923 uelles,
339 1843 378 1906 sd
402 1866 540 1931 eamque
565 1849 718 1912 tuendum
742 1870 813 1913 eum
837 1868 964 1911 suroma
989 1861 1043 1908 tua
1065 1846 1172 1930 digni-

144 2084 172 2129 ii.
186 2084 298 2136 Plutonis)
316 2084 446 2128 Platonici
459 2084 543 2129 LPGR
571 2086 619 2142 qui)
634 2087 676 2132 t11t
688 2090 732 2144 put
747 2087 768 2131 tt
795 2086 981 2138 admirationem)
998 2087 1024 2127 in
1039 2070 1118 2130 onisii
1132 2095 1172 2125 rn-

108 2154 208 2205 turmis
235 2160 404 2218 probsbsntur)
415 2161 556 2216 prodentur
570 2162 633 2206 LCR
661 2163 708 2217 sin)
722 2166 745 2207 si
758 2163 778 2206 L
804 2164 911 2219 eamque)
926 2159 1065 2206 eoademit

152 2371 193 2426 tl.
228 2370 356 2423 Platonis
375 2372 420 2424 iili
440 2399 473 2411 -
492 2389 584 2426 coruos
601 2377 754 2442 creditores)
779 2375 944 2429 Necessario
972 2380 1098 2426 extremo
1118 2387 1172 2422 tros

108 2455 259 2530 *peterem
279 2463 365 2516 etism
384 2463 543 2532 genitiuom
563 2466 703 2533 pertinet,
732 2476 764 2520 ut
781 2466 914 2520 eontinss
931 2464 1069 2520 successio
1090 2460 1172 2515 sucii-

108 2564 174 2609 Ιιιιιιι
190 2556 368 2626 significetur
383 2557 450 2622 (eir.
477 2555 527 2624 §3
552 2557 648 2624 inii.);
688 2559 816 2610 Plutonis
836 2560 924 2612 eiiam
945 2554 1019 2626 Spir.
1039 2562 1064 2606 et
1084 2554 1170 2604 codes

108 2640 172 2701 ὲῐι.
191 2646 340 2710 Grououir
376 2648 499 2701 restituit
517 2649 611 2701 Gaius.
669 2649 830 2701 Platonicos
849 2652 924 2717 (quo
941 2645 1052 2699 nomine
1072 2644 1171 2696 Cioero

108 2738 193 2793 uiso
211 2757 268 2793 nen
290 2738 395 2806 utitur)
414 2756 468 2792 non
495 2737 586 2811 magis
608 2740 714 2810 primos
734 2741 878 2794 auditores
903 2755 986 2807 quum
1014 2737 1171 2804 postremos

108 2831 265 2899 „ettennon
283 2830 389 2896 fuisse,
425 2830 482 2883 iam
502 2829 633 2885 lisuisins
654 2831 772 2885 uiderat.
834 2831 943 2884 Deinde
968 2830 1115 2899 linguntur
1141 2825 1171 2881 lsi

108 2918 277 2985 tn'l’istonis
295 2923 404 2976 alumni
424 2923 561 2976 Catonem
588 2927 686 2992 paulin
712 2928 780 2978 anie
805 2923 994 2993 disputantem
1013 2920 1125 2973 audisse
1143 2926 1171 2969 ct

108 3022 144 3067 ΙΙ
159 3014 252 3069 ιῑιιιίί
269 3032 349 3082 esse,
362 3016 424 3069 'ens
442 3014 488 3068 uir
507 3015 566 3069 iliis
584 3018 620 3070 ad
640 3033 768 3070 caussam
788 3014 861 3069 iuste
880 3012 1093 3083 disrepisndsm
1111 3008 1170 3062 uir·

108 3104 186 3162 Ues
203 3107 358 3163 instructus
376 3108 486 3161 Stoicos
504 3108 660 3176 prolerret.
696 3109 790 3178 Uulgo
809 3107 851 3160 sie
869 3105 1085 3176 interpuogunt,
1105 3119 1170 3157 osu·

108 3190 183 3252 issem
199 3208 263 3270 post
280 3206 376 3253 testem
394 3216 449 3252 non
466 3196 631 3262 incidentes,
652 3206 797 3269 tamqnam
816 3198 918 3252 Latine
937 3199 1066 3251 dicatur:
1086 3196 1169 3248 audio

108 3290 211 3345 uim
228 3297 379 3360 optassent,
399 3289 502 3344 omisso
520 3308 590 3343 esse.
614 3291 652 3343 tu
672 3291 756 3355 unde,
776 3289 829 3343 uisi
848 3306 881 3342 es
898 3290 954 3342 isse
972 3286 1170 3359 ipssdisputs-

108 3373 167 3449 lus,
181 3390 306 3447 nossent,
323 3383 407 3436 iilum
425 3381 536 3437 Stoicos
551 3379 606 3435 sibi
625 3381 792 3436 anteferre?
813 3381 967 3435 Admonuit
984 3397 1030 3434 me
1052 3380 1170 3432 Wesen-

108 3474 201 3543 'qiss-
233 3476 339 3529 Psuiio
357 3481 421 3545 post
438 3475 534 3545 piures
554 3474 605 3527 (izi
623 3475 733 3530 codices
751 3475 897 3529 habebunt
915 3474 1000 3526 animi
1017 3472 1169 3533 rotioncnsr

108 3572 153 3633 *m
168 3565 195 3621 is
212 3568 370 3639 ssciretypo
391 3565 446 3619 iuit
463 3567 687 3620 ammirationem.

149 3661 237 3713 sitibi
253 3662 305 3714 iiio
320 3658 523 3728 probabuntur)
537 3659 585 3712 Sic
603 3660 674 3713 (isui
704 3662 734 3712 ei
750 3658 883 3728 deinceps
901 3675 1009 3721 omnes,
1029 3657 1169 3710 Gruterus

108 3746 253 3808 *mutnus
272 3751 362 3815 taciti,
380 3749 548 3822 flagitatque
566 3753 640 3805 baur
658 3750 830 3820 scripturum
850 3758 878 3805 et
895 3751 968 3820 quod
996 3744 1168 3801 contessiunr

108 3838 187 3899 *nior
204 3843 407 3908 (masuetus)
426 3850 455 3897 et
474 3849 533 3898 tots
548 3862 602 3907 res,
621 3843 756 3914 quonium
775 3844 866 3898 omnis
884 3843 976 3898 oratio
993 3842 1030 3895 sd
1048 3840 1076 3891 id
1096 3842 1168 3890 tesn-

108 3936 289 4003 'fl-ssiertus,
311 3954 367 4007 quo
386 3936 458 3989 (iste
476 3934 602 3989 Stoicum
621 3935 802 4006 disciplinam
821 3935 943 4006 elegerit
961 3933 1042 4001 cique
1059 3946 1090 3983 se
1107 3931 1169 3983 irs·

108 4012 189 4088 bit.
244 4033 364 4085 Ueteres
381 4026 519 4081 editiones
540 4026 705 4094 codicesque
722 4025 793 4082 on.
813 4034 859 4090 et,
883 4026 907 4080 si
925 4023 1066 4080 credimus
1086 4020 1169 4083 (isio,

108 4102 250 4178 finees
267 4122 439 4193 prodentur,
474 4120 510 4171 de
528 4134 582 4187 quo
602 4118 704 4173 mendo
729 4116 787 4170 disi
814 4118 848 4171 sd
875 4116 951 4185 §aa
1006 4113 1098 4184 (Fieri
1118 4130 1169 4181 po-

108 4212 151 4277 N,
180 4224 213 4271 st
245 4214 318 4271 utut
345 4230 401 4269 uon
439 4212 515 4268 seete
543 4210 578 4262 de
610 4210 669 4265 Eri.
699 4209 839 4276 silestnrp
875 4209 928 4263 etsi
954 4210 1016 4279 quis
1045 4204 1168 4259 roeiidet

108 4298 188 4373 ιιι)
