2706 5018
216 122 259 183 28
568 118 627 183 DE
649 116 827 184 Finibus
849 115 952 184 iion'.

217 312 403 397 quaeritur,
425 311 502 394 quid
526 313 569 374 ait
594 309 690 389 finis,
715 314 791 397 quid
815 326 1011 389 extremum,
1033 309 1110 396 quid
1132 298 1333 383 altuinum,

216 439 280 501 quo
313 417 378 478 aint
408 416 517 478 oianio
548 414 631 479 bene
662 418 796 481 uiuendi
828 431 981 503 recteque
1004 415 1147 480 iaoieadi
1165 416 1319 482 ooariir‘it

214 521 405 598 referenda,
448 521 525 604 quid
555 535 709 607 sequatur
741 536 857 587 natura
891 536 926 586 ut
955 543 1118 584 summum
1141 543 1185 585 ex
1205 520 1308 586 reba!

216 626 431 712 expetendiS,
462 626 539 710 quid
560 627 666 710 fugiat
691 640 725 688 ut
749 642 932 692 extremuni
958 626 1142 691 nraioruiui
1169 625 1301 704 Quato

215 755 250 796 re
283 753 379 818 quom
410 731 453 792 sit
482 732 566 792 inter
591 730 809 796 doctissunioa
841 756 968 796 sumnia
1003 734 1184 807 dissensio,
1228 732 1295 818 quit

214 838 358 902 alienum
385 848 478 922 putet
508 838 578 935 eins
613 858 686 899 esse
708 836 897 923 dignitatis,
941 860 1037 924 quani
1060 836 1141 900 inihi
1164 839 1289 924 quiaque

213 941 345 1021 tribuit,
377 941 452 1028 quid
478 943 509 1002 in
536 944 624 1004 omni
644 963 779 1005 munere
801 946 889 1007 vitoe
913 958 1082 1030 optumum
1107 955 1140 1005 et
1160 944 1294 1005 aerisin-

213 1049 384 1125 muniuit,
428 1046 625 1131 exquireret
670 1050 720 1109 12.
750 1048 822 1128 An,
856 1058 973 1135 portui
995 1047 1142 1112 onei‘llae
1161 1050 1297 1110 ii'tnei'ii

264 1228 329 1284 qaid)
343 1228 397 1284 pair
411 1227 474 1270 111²ss
511 1229 609 1273 coneilio
623 1229 759 1283 referenda)
773 1230 913 1275 eoniimi'lia
928 1228 1060 1283 referendi
1072 1228 1094 1272 B
1128 1230 1251 1286 reputat)
1263 1241 1300 1273 ee-

212 1302 329 1361 qniturii
360 1305 454 1356 natura)
469 1299 516 1347 nro
530 1305 657 1349 notarac
684 1307 1007 1364 expetendii)et1ietendiiui
1020 1302 1134 1348 LPMGR
1160 1304 1301 1360 media.)

211 1379 279 1435 diga.
294 1391 316 1423 e.
330 1377 352 1421 B
375 1380 482 1433 inuuere)
494 1381 622 1435 genereo
677 1379 1119 1435 ii.tuiruetunra.)tri.tnsr.1.

280 1531 346 1599 qnid
366 1531 403 1584 eit
417 1531 499 1601 finio)
520 1533 587 1598 Quia
605 1533 691 1588 etium
706 1536 780 1588 Gud.
800 1535 818 1588 2
836 1535 960 1607 (aliquot
978 1535 1074 1599 codd,
1100 1532 1143 1588 ait
1163 1533 1304 1600 Orelliae,

211 1625 305 1678 nereio
325 1625 430 1691 unde),
469 1629 497 1677 et
521 1632 622 1693 prator
647 1629 674 1680 R
702 1626 763 1680 aliar
790 1635 901 1681 aeterna
919 1625 1064 1680 editiones.
1117 1626 1305 1696 Recepernat

209 1716 282 1770 Uict.
303 1723 331 1768 et
349 1715 471 1779 bbinae,
495 1715 543 1767 hie
561 1716 661 1782 simul,
679 1726 711 1771 nt
729 1719 843 1784 debuit,
862 1718 904 1772 bia
923 1720 995 1787 quod
1012 1716 1157 1782 scribone,
1184 1736 1242 1771 aon
1261 1716 1305 1771 iii·

208 1805 394 1875 probantibus
412 1805 495 1869 aliia,
531 1815 561 1859 ut
579 1824 633 1860 uon
655 1818 713 1862 tam
732 1811 766 1862 dn
786 1811 900 1864 notione
920 1811 1000 1874 tinio,
1025 1808 1164 1873 extremi,
1197 1808 1304 1863 ultumi

209 1905 360 1966 quintabit,
378 1914 462 1967 quam
481 1895 508 1950 ia
526 1917 581 1969 qao
599 1899 635 1953 eit
654 1901 785 1969 paritum.
822 1903 879 1954 llio
898 1910 1010 1966 tamen,
1044 1900 1094 1953 abi
1112 1900 1240 1970 primum
1258 1910 1303 1955 ta·

207 1998 268 2043 turn
287 1995 485 2057 argumentum
504 1990 662 2057 indicatur,
688 2011 743 2044 non
764 1993 833 2046 satir
849 2001 925 2045 recte
943 1993 984 2045 aio
1002 1992 1119 2047 definite
1136 1993 1302 2064 interroga·

208 2087 265 2144 tur,
285 2081 358 2150 quod
378 2082 425 2146 (ex
443 2082 586 2151 pluribus)
605 2092 762 2137 extromum
780 2084 831 2149 ait,
866 2083 1015 2154 potiusque
1038 2083 1068 2136 in
1088 2097 1176 2139 uitam
1194 2085 1300 2155 duplex

207 2170 394 2241 interrogatio
412 2173 562 2240 conflatur,
581 2182 608 2228 et
626 2177 691 2247 qaid
710 2178 747 2230 eit
766 2175 830 2230 finio
850 2183 877 2231 et
895 2177 923 2228 iu
944 2191 998 2243 qna
1016 2193 1057 2230 re.

274 2280 379 2315 ramniu
396 2263 545 2332 dionensio)
572 2267 680 2337 Magna
705 2271 773 2325 diii.
794 2269 823 2322 ia
842 2269 885 2322 od.
906 2269 983 2321 blaa.
1002 2274 1030 2321 ut
1047 2266 1120 2320 aliar
1138 2282 1241 2319 errore
1258 2263 1297 2317 ir·

206 2353 301 2426 repsit.
559 2342 576 2365 ⁰

274 2447 335 2515 qnia
353 2446 472 2500 oiieania
487 2450 582 2518 putet)
615 2453 698 2520 Quod
718 2452 793 2506 Uict·
811 2468 826 2503 e
844 2451 905 2504 rod.
923 2466 974 2503 suo
993 2447 1096 2502 edidit:
1133 2446 1202 2515 qnid
1227 2445 1296 2498 aite-

204 2556 269 2593 anm
286 2545 389 2607 putem,
406 2540 563 2609 probarunt
579 2542 710 2597 Daniaiue
727 2551 755 2598 et
772 2542 938 2606 Ernertiur;
957 2540 1011 2593 erit
1030 2544 1089 2593 tum
1110 2539 1226 2607 quiaque
1244 2537 1295 2590 tri-

204 2632 264 2685 bati
290 2632 466 2701 dictampno
486 2651 535 2698 eo,
570 2636 645 2703 qaod
665 2643 707 2691 ert
726 2653 816 2689 omnes
835 2635 975 2697 tribunat,
1015 2637 1047 2685 iit
1065 2630 1167 2685 Cicero
1186 2636 1296 2683 certam

182 2717 186 2724 ’
204 2725 346 2794 quandam
367 2723 536 2794 dignitatem
554 2725 608 2779 ribi
631 2730 669 2781 ab
687 2729 816 2784 omnibns
835 2725 923 2781 tribui
941 2724 1032 2788 dicat,
1067 2721 1136 2776 ratio
1155 2736 1296 2792 arrogan-

203 2825 255 2871 ter.
291 2817 347 2868 Sed
364 2833 516 2887 numquam
534 2818 576 2872 rio
593 2819 665 2872 iliad
685 2835 839 2889 pronomen
857 2813 987 2887 ponitur,
1006 2814 1080 2886 qnod
1098 2830 1214 2882 eomper
1230 2828 1297 2866 enni

201 2907 299 2979 aliqua
317 2906 516 2961 dirtributione
535 2910 663 2980 ringulae
681 2910 835 2981 rapinatim
851 2906 1003 2977 significat.
1046 2906 1174 2975 Uoigata
1193 2910 1298 2963 coatia

202 3007 279 3052 neoto
297 3000 352 3049 hoe
370 2995 528 3067 significat:
548 2994 608 3051 eiua
625 3000 780 3070 dignitatis,
798 3016 883 3071 quam
901 2996 972 3051 inibi
989 3016 1041 3067 pro
1058 3014 1089 3049 ae
1106 2995 1297 3065 quieqaeeiiie

202 3107 336 3159 maguam
354 3087 415 3141 riiie
432 3107 551 3159 paruam
570 3090 677 3145 tribuit.
718 3094 779 3155 Nou
798 3108 864 3144 raro
888 3088 916 3142 in
936 3091 990 3142 hoo
1009 3088 1151 3141 uueabuio
1171 3087 1297 3141 aberra·

201 3190 264 3244 tor;
283 3181 334 3233 cfr.
352 3183 400 3245 IV,
417 3183 461 3238 76.
494 3189 595 3252 ltaque
612 3184 647 3236 de
665 3183 789 3236 Diuiaat.
808 3184 852 3247 ΙΙ,
871 3181 923 3234 121
941 3180 1061 3250 inperite
1081 3178 1132 3232 aiii
1150 3178 1299 3231 coniciunt

200 3273 398 3337 acribo-ndum,
416 3271 467 3327 aiii
485 3276 623 3344 probant:
644 3276 691 3327 iod
710 3275 768 3327 iimo
789 3275 885 3342 cuique
903 3274 1093 3340 inpromptu,
1113 3270 1217 3335 nteit,
1236 3286 1296 3322 onr-

200 3365 288 3427 nibni,
307 3364 403 3417 oninie.
449 3368 508 3420 Neo
524 3369 599 3438 opud
618 3367 780 3421 Lucretium
801 3373 830 3431 1,
870 3365 923 3418 213
940 3366 984 3417 ai'i
1005 3379 1117 3433 piraque
1135 3368 1179 3416 ert
1196 3360 1297 3425 onnia,

200 3459 246 3509 uel
263 3454 405 3522 minuma,
426 3459 490 3523 aed,
509 3466 539 3512 ut
558 3458 693 3512 Germani
712 3461 856 3523 locuntur,
875 3457 919 3509 die
937 3455 1123 3522 iedoimatige.
1161 3452 1241 3523 Quid
1258 3454 1297 3506 de

199 3566 233 3601 oo
251 3549 362 3615 dicuin,
398 3548 446 3618 qui
463 3567 570 3619 nuper,
586 3551 675 3604 libror
694 3553 728 3604 de
748 3542 850 3604 oii'ioiie
870 3549 971 3611 edane,
988 3562 1086 3601 omnen
1103 3545 1200 3608 iocoe,
1221 3560 1297 3615 quoe

199 3637 312 3706 quidem
331 3645 443 3706 namet,
475 3642 560 3695 liuiue
581 3644 694 3696 formai:
731 3642 801 3693 nibil
819 3659 872 3692 non
891 3640 1047 3704 eisortann
1067 3635 1181 3700 tribuit,
1217 3635 1294 3704 qaod

198 3731 322 3797 cuiqnam
347 3731 447 3783 detulit
470 3734 569 3800 (coru
593 3735 663 3804 Nep.
695 3733 787 3805 Alcib.
812 3731 861 3801 19)
884 3746 1064 3801 corrumpere
1091 3736 1212 3783 conatae
1239 3736 1294 3793 eit,

197 3821 349 3875 eubetituto
372 3822 493 3890 unique?

265 3913 331 3981 qnid
352 3914 379 3964 i'ri
399 3917 485 3982 omni)
521 3912 668 3968 Editionm
686 3929 704 3968 a
723 3914 805 3968 (irat.
833 3914 869 3969 ad
895 3910 1054 3976 Omnium,
1090 3910 1291 3983 quietiorem

196 4005 349 4075 typothota
366 3986 497 4072 correxit,
515 4006 597 4074 quod,
614 4007 735 4061 eoioece.

264 4095 307 4153 12.
344 4097 384 4150 Aa
400 4103 501 4166 portui
519 4097 627 4151 armilla
645 4097 715 4165 dre.)
750 4098 823 4154 Nota
850 4093 1059 4160 nortmannia,
1097 4098 1194 4150 utram
1217 4093 1287 4159 eim,
