2730 5016
472 334 726 402 PRAEr'A't'to.
1096 340 1159 405 LV

67 522 183 584 tertiam
207 516 386 586 Ciceronis
419 522 465 585 ite
487 521 714 607 persequitur,
760 529 796 583 ut
828 541 915 607 stepo
947 544 1040 601 eum,
1083 545 1154 610 quur

65 624 177 712 probet,
190 626 389 712 inprobare,
415 647 485 714 qna
509 637 620 712 neget,
645 624 838 707 adfirmare,
857 642 968 692 narret
992 630 1154 693 omnium·
1212 671 1214 674 >

62 753 115 818 que
134 732 390 818 disciplinarum
416 732 548 798 decreta
570 734 716 810 misceat,
741 754 805 796 non
828 755 904 798 raro
929 749 1038 799 autem
1058 757 1152 799 cnar-

56 830 149 904 'rrudo
171 840 221 903 ita
256 842 372 906 omnia
396 839 585 920 confundit,
631 841 800 906 notionem
824 840 950 906 nullam
976 855 1092 906 tenens
1117 855 1151 906 et

58 947 134 1011 intra
156 948 303 1012 eundem
327 944 503 1011 uerborum
525 943 684 1011 ambitum
706 948 740 1010 in
763 944 829 1011 fine
851 949 925 1012 initi
939 948 1151 1028 obliuiseem,

58 1066 88 1115 at
109 1053 169 1117 uix
192 1055 226 1117 ei
252 1067 399 1120 mentem
429 1054 615 1118 constitisse
644 1053 769 1118 eredas.
816 1053 926 1140 Atque
949 1055 1150 1121 haecomnia

57 1172 193 1224 exornat
214 1160 341 1249 ubique
365 1161 564 1246 turpissuma
585 1158 764 1224 uerborum
795 1158 949 1226 barbaria
978 1174 1011 1225 et
1043 1161 1151 1229 soloe·

56 1267 227 1331 cisumrurn
250 1268 422 1332 foeditate.
490 1265 532 1328 Et
553 1279 664 1330 tamen
694 1288 792 1352 quom
822 1288 859 1331 se
891 1269 963 1353 ipre
996 1288 1152 1353 magnum

55 1371 262 1461 philologum
286 1373 508 1451 decreuisset,
543 1374 660 1458 queuis
678 1375 801 1458 pagins
823 1375 932 1439 ”uiros
953 1373 1067 1438 doctos
1092 1374 1152 1436 mi·

56 1480 162 1543 rcere”
196 1502 348 1560 narrans,
369 1478 446 1544 aliis
477 1479 576 1541 etiam
606 1480 698 1543 uisus
723 1491 792 1554 est3
836 1478 920 1543 nihil
950 1482 1037 1544 enim
1069 1491 1151 1556 erat,

57 1585 135 1668 qnod
159 1607 228 1650 non
252 1588 447 1675 expediret,
493 1583 596 1664 nihil,
629 1584 669 1650 de
692 1607 755 1672 quo
781 1606 846 1649 non
871 1586 992 1673 aliquid
1015 1586 1151 1663 diceret,

58 1691 83 1753 ri
104 1690 190 1755 nilril
215 1691 308 1757 aliud
330 1707 412 1772 erat,
434 1711 534 1756 sonos
557 1702 614 1754 aut
638 1689 813 1771 librarios,
834 1691 876 1755 de
906 1713 1045 1778 quorum
1068 1690 1152 1755 iudi·

59 1798 116 1860 ciir
138 1810 172 1861 et
193 1796 347 1865 artificiis
369 1801 511 1885 permira
534 1797 652 1876 tradit,
679 1819 816 1882 crepans
840 1811 897 1862 arrt
920 1797 1152 1884 particularum

62 1922 159 1967 nouas
179 1916 213 1968 et
233 1905 402 1970 inauditas
423 1900 697 1991 significationes.
734 1903 880 1968 Omnino
894 1904 1054 1991 quaedam,
1080 1921 1151 1988 quae

60 2009 303 2094 perturbatione
327 2024 360 2076 et
393 2011 611 2096 peruersitate
643 2031 776 2074 sensum
807 2032 1012 2076 communem
1048 2009 1153 2072 offen·

59 2114 151 2195 dunt,
195 2129 326 2197 tamen,
370 2130 407 2180 ut
426 2117 600 2202 perspicue
622 2114 828 2201 explicetur,
870 2119 904 2182 in
928 2139 993 2204 quo
1014 2118 1057 2180 sit
1077 2136 1152 2201 per·

60 2226 196 2288 uerritas
221 2235 256 2288 et
279 2224 475 2303 cuiusmodi,
497 2245 633 2287 acumen
654 2223 787 2310 aliquod
811 2223 1017 2299 desideraut;
1040 2224 1151 2307 itaque

60 2349 100 2393 cx
118 2332 182 2410 iis,
227 2331 285 2416 qui
307 2329 422 2393 eadem
452 2329 573 2415 scripta
603 2343 718 2417 postea
747 2341 928 2395 tractarunt
957 2330 1152 2395 festinantes

61 2456 115 2498 nee
134 2437 201 2521 ipsi
225 2434 402 2500 admodum
423 2433 597 2500 dialectice
626 2449 696 2502 erte
720 2436 845 2518 inbntl,
888 2440 988 2501 etiam
1011 2432 1152 2521 pruden-

60 2542 174 2622 tiores,
221 2563 322 2628 quom
357 2545 405 2607 ita
440 2541 678 2608 incredibiliter
718 2542 922 2609 Goerenzius
961 2551 1152 2628 ungeretur,

61 2660 93 2713 ut
116 2648 247 2714 nullam
279 2651 477 2714 sententiam
507 2648 628 2713 elicere
669 2671 716 2714 ex
755 2653 827 2716 eius
862 2648 973 2715 uerbis
1006 2656 1152 2735 possent,

60 2752 209 2819 cultilius
232 2776 308 2819 eum
330 2776 428 2842 quart
451 2761 563 2819 sterius
584 2754 753 2841 disputare
776 2755 979 2835 iudicabant,
999 2767 1036 2817 ut
1055 2747 1153 2815 Orel-

59 2855 117 2925 liu·
141 2860 184 2925 ad
211 2860 267 2940 V,
290 2863 356 2941 4⁰,
381 2883 445 2948 quo
468 2860 542 2927 loco
565 2864 638 2947 ipso
663 2865 799 2948 egregie
822 2882 935 2926 ueram
959 2859 1153 2942 scripturam

61 2966 246 3033 erodieum
270 2968 421 3053 uestigiis
446 2969 584 3032 inuenit.
630 2967 787 3031 Praestitit
806 2966 877 3031 lere
899 2962 1060 3041 Orellius,
1081 2981 1153 3047 quar

60 3075 229 3160 expectari
249 3075 285 3138 ia
307 3072 470 3141 eiusmodi
491 3096 570 3138 cura
593 3085 627 3137 et
649 3070 772 3136 talibus
794 3070 950 3138 subsidiis
978 3090 1038 3153 per
1071 3078 1153 3146 erat,

60 3200 113 3247 uec
143 3201 271 3264 paucos
312 3177 477 3245 Goerenzi
516 3194 615 3267 atque
644 3181 744 3244 etiem
776 3177 917 3244 eliorum
945 3194 1074 3241 errores
1103 3173 1152 3236 ul-

62 3289 136 3353 tsuit
161 3287 343 3373 prudenter
358 3300 392 3351 et
415 3289 573 3367 correxit,
595 3286 742 3373 quaedum
758 3308 845 3351 noua
867 3297 924 3352 ant
947 3306 967 3350 a
988 3279 1152 3346 Lambino

61 3391 197 3478 rliisque
232 3395 368 3458 inuenta
399 3393 458 3458 sed
487 3407 604 3479 postea
632 3393 785 3481 neglecta
815 3390 957 3465 addidit3
999 3407 1109 3451 rerum
1133 3407 1153 3448 a

61 3493 220 3565 Cicerone
253 3509 465 3564 tractatarum
499 3498 704 3566 aubtiliorem
734 3522 754 3565 e
777 3498 902 3564 Gracia
930 3493 1078 3561 lentibus
1101 3512 1155 3555 co·

60 3606 239 3690 gnitionem
258 3604 300 3670 ab
314 3628 356 3671 eo
378 3627 443 3671 non
467 3608 539 3671 iure
556 3605 716 3694 postules,
739 3609 795 3694 qui
810 3603 1013 3691 singularem
1034 3602 1069 3662 in
1091 3597 1154 3661 lroo

60 3732 176 3796 genere
198 3714 397 3800 scriptorum
407 3710 576 3778 Ciceronis
598 3736 732 3799 operam
755 3732 878 3798 ponere
899 3730 965 3774 non
989 3706 1154 3771 decreuis-

61 3831 121 3894 tet3
141 3819 183 3885 de
206 3822 358 3885 oratione
379 3817 499 3884 Latina
522 3833 555 3884 et
574 3819 672 3884 rebus
697 3818 919 3907 grammaticis
941 3812 1053 3903 paullo
1078 3831 1153 3875 con-

62 3929 193 3991 stantius
224 3927 386 3991 iudicium
410 3926 483 4006 hic,
529 3940 565 3990 ut
584 3926 685 4006 alibi,
730 3947 794 3990 non
817 3925 970 3987 inmerito
995 3920 1153 4006 requiras.

63 4029 132 4098 l’oet
153 4032 323 4100 Orellinm
345 4029 408 4095 hos
430 4029 534 4097 libros
557 4033 659 4096 edidit
683 4032 719 4096 F.
744 4030 785 4097 U.
808 4029 909 4108 Otto,
939 4029 1032 4092 cuius
1055 4044 1156 4111 opera

65 4135 123 4202 lere
143 4142 175 4204 in
198 4163 241 4206 eo
264 4151 532 4225 consumptam,
575 4151 632 4219 ut,
664 4139 834 4222 excerptis
856 4149 890 4199 et
912 4133 1045 4198 selectis
1068 4129 1154 4192 Goe-

65 4247 141 4309 renzi
162 4248 271 4326 notis,
312 4243 452 4309 adderet
472 4247 543 4308 sine
566 4243 636 4308 ullo
658 4243 787 4310 delectu
808 4242 849 4305 de
870 4240 969 4307 rebus
991 4256 1155 4324 gramme-

67 4349 127 4415 tirir
155 4369 209 4421 ant
244 4353 448 4442 peruagatis
477 4363 532 4415 ant
556 4370 660 4436 nuper
689 4351 822 4437 agitatis
859 4369 904 4412 ex
936 4340 1157 4410 conlecteneis
