2730 5016
229 347 293 408 tau
582 339 642 404 ut:
664 337 841 407 l'lNlBUS
866 337 970 406 BON.

233 541 342 603 minus
358 530 563 623 ἀγέλαστος,
587 549 624 597 ut
647 537 695 598 ait
718 536 826 615 idem,
870 544 1064 598 uocaretur.
1133 522 1327 619 Polycraten

234 646 382 710 Sauriam
405 641 536 706 felicem
559 639 782 726 appellabant.
830 640 924 706 Nihil
949 639 1123 703 acciderat
1156 643 1214 719 ei,
1259 642 1324 727 qnod

231 751 355 830 nollet,
402 750 468 811 nisi
493 749 577 833 quod
603 747 758 826 anulum,
806 770 870 834 quo
892 744 1151 824 delectabatur,
1204 749 1242 810 in
1262 750 1320 813 ui

284 966 442 1025 appellabant)
462 963 590 1020 appellant
608 963 670 1008 Lac
690 965 830 1022 appellant.-
857 967 922 1023 qaod
940 965 963 1010 R
1005 964 1148 1019 acciderat)
1173 961 1313 1010 accidui

231 1045 286 1102 quo)
300 1046 327 1088 in
342 1042 423 1097 quola
448 1040 517 1095 mari)
531 1054 600 1084 mare
615 1041 654 1094 (P)

301 1237 493 1307 appellabant)
516 1235 563 1289 Sic
590 1235 677 1288 Gaius
697 1234 784 1289 etiam
803 1253 819 1287 e
838 1235 913 1306 Spir.
968 1237 1048 1290 Satis
1067 1241 1120 1292 nel
1142 1257 1180 1292 ex
1200 1239 1317 1292 acciderat

232 1334 369 1402 adparet,
405 1331 434 1382 id
454 1328 529 1389 dici,
565 1329 650 1396 quala
676 1331 711 1381 de
736 1328 889 1399 Polycrate
915 1338 982 1384 ante
1010 1348 1105 1384 unum
1130 1330 1220 1386 illam
1245 1346 1318 1384 cam

230 1423 380 1476 hominum
399 1419 536 1473 iodicium
554 1420 659 1481 tuerit,
697 1429 758 1474 tum
778 1421 880 1489 quari,
906 1422 1024 1475 numid
1046 1433 1174 1494 propter
1193 1438 1317 1477 carana·

232 1516 349 1567 tandum
381 1522 409 1566 et
443 1512 535 1565 leticia
570 1530 672 1565 nomen
704 1513 910 1566 detrahendum
943 1514 1043 1566 faerit.
1103 1517 1152 1568 De
1180 1513 1318 1586 Polycratis

233 1609 319 1660 anulo
339 1611 407 1658 nota
426 1612 451 1658 st
469 1603 608 1658 Herodoti
630 1605 760 1658 narratio
778 1605 806 1657 in
826 1606 900 1659 libro
918 1611 977 1667 ΙΙΙ,
1008 1607 1065 1672 tl,
1108 1624 1128 1662 ι
1149 1606 1319 1679 queritari

230 1698 394 1762 XXXVII,
414 1695 720 1751 letUaleriusllar.
742 1699 797 1760 Vl,
826 1696 914 1750 dext
933 1698 1171 1769 asumpserunt.
1216 1697 1320 1752 lansn'
1355 1664 1359 1755 l

229 1791 370 1842 adiecerat
388 1790 476 1842 Gaius
495 1808 511 1842 e
529 1789 674 1842 codicibus
691 1806 761 1854 surr
778 1788 909 1851 Uindob..
927 1791 997 1842 Orr.
1013 1792 1154 1856 restituit,
1173 1792 1320 1864 quernis&

230 1899 248 1936 a
266 1881 395 1935 Uictoria
415 1890 442 1936 ct
462 1882 593 1936 Munatio
614 1879 719 1934 editum
741 1889 813 1935 esset
830 1883 858 1932 ia
875 1898 969 1945 mare5
997 1899 1050 1935 nec
1070 1900 1129 1952 rgo
1147 1885 1183 1937 ad
1204 1886 1319 1956 regala!

230 1977 286 2028 lroc
307 1992 445 2029 reuocare
466 1973 573 2038 acirim,
611 1992 665 2026 non
686 1992 741 2042 qrro
760 1990 824 2026 eant
845 1974 915 2026 Gaio
942 1978 1041 2042 (quem
1071 1978 1203 2044 probare
1221 1976 1318 2029 uidet!

230 2069 361 2120 Handiua
388 2069 516 2121 Turseli.
550 2067 607 2130 ΙΙΙ,
644 2065 711 2132 295)
737 2065 765 2117 id
797 2082 815 2119 a
838 2065 975 2119 cicerone
997 2066 1200 2136 significatum
1224 2075 1317 2138 patu,

229 2160 411 2228 Polycratem
434 2159 502 2211 naui
528 2159 557 2210 in
577 2159 667 2211 altam
687 2159 864 2227 protectum,
898 2175 985 2229 quom
1014 2159 1077 2229 ipse
1103 2157 1135 2212 in
1154 2160 1233 2213 mari
1250 2165 1316 2222 aad,
1356 2172 1359 2211 ;

229 2254 348 2304 anulum
376 2249 522 2305 obiecisso.
567 2251 640 2303 Nam
675 2258 703 2304 et
721 2249 810 2303 omnis
844 2266 955 2303 samma
979 2250 1177 2318 narrationis,
1215 2259 1316 2322 propt!

231 2360 316 2414 quam
334 2343 384 2395 liic
404 2360 448 2395 res
466 2341 642 2412 adtingitur,
679 2343 773 2414 posita
797 2352 858 2396 erat
875 2344 904 2396 in
923 2344 1010 2396 anulo
1032 2361 1149 2408 merso,
1195 2342 1314 2413 quad
1354 2376 1359 2393 .

229 2437 283 2488 illa
302 2435 392 2488 uerba
414 2436 448 2488 ad
468 2434 649 2504 Polycratem
670 2436 838 2490 obicientem
856 2433 1023 2500 referimus,
1054 2437 1130 2488 adeo
1149 2437 1313 2502 oberant!
1357 2442 1359 2447 '

229 2531 262 2579 ut
280 2527 418 2580 incertum
436 2527 634 2596 relinquatur,
653 2528 681 2581 in
705 2529 837 2582 nauimaa
856 2527 950 2595 aliquo
970 2544 1036 2580 auur
1056 2528 1221 2594 abiecerit,
1239 2540 1313 2600 aq·
1356 2530 1359 2557 ¹

230 2621 284 2672 illa
305 2620 465 2690 Polycratia
492 2621 519 2673 in
540 2622 631 2673 altum
657 2619 853 2691 proficiscendi
877 2616 1027 2689 diligentia
1054 2622 1135 2688 (quta
1162 2623 1199 2674 ad
1223 2618 1316 2675 [aad

227 2710 376 2763 consilium
402 2710 475 2764 nihil
508 2710 622 2765 omnino
655 2714 793 2782 pertinet)
826 2720 884 2766 tam
919 2711 1048 2763 breuiter
1080 2712 1315 2783 significari-alle

228 2805 311 2856 modo
330 2812 459 2873 poterat;
479 2807 533 2857 lroc
553 2805 626 2857 enirn
646 2802 738 2875 potius
753 2805 984 2874 intellegeretur:
1004 2803 1110 2873 ”quom
1132 2823 1203 2859 casa
1221 2807 1249 2859 Ιι
1265 2806 1314 2859 tto

228 2895 332 2949 esset.’'
369 2896 424 2948 Sed
442 2895 504 2947 ticri
525 2904 633 2964 potest,
671 2902 702 2949 nt
729 2896 827 2949 Cicero
853 2907 881 2948 et
907 2896 958 2947 alii
982 2895 1010 2948 in
1031 2897 1134 2964 paucis
1155 2898 1311 2970 quinarem

227 2988 380 3040 uerborum
400 2988 645 3041 coniunctionibus
663 2999 780 3059 propter
798 3005 892 3041 rerutn
919 3005 1008 3057 genua
1036 2988 1188 3058 cogitanti
1206 2990 1312 3063 qudi!

226 3080 375 3131 celeritate
395 3096 412 3132 a
430 3088 522 3134 motos
544 3082 658 3134 notione
683 3082 847 3134 transierint
873 3082 907 3132 ad
926 3081 1104 3133 mansionem
1126 3084 1157 3136 in
1178 3086 1257 3149 loco,
1286 3088 1314 3136 ut

225 3171 288 3236 liic,
333 3173 406 3241 quod
425 3190 479 3225 non
499 3176 558 3225 tam
579 3172 640 3242 ipsa
658 3172 731 3225 actio
759 3172 837 3225 annli
863 3171 1023 3242 proiciendi
1042 3177 1315 3243 conprehendunt!

225 3265 340 3329 animo,
380 3281 464 3333 quum
484 3266 584 3318 anulus
603 3266 675 3317 mari
693 3283 801 3318 mersus
821 3273 848 3318 et
866 3267 1031 3318 occultatus.
1066 3268 1316 3338 Quamqumbt

225 3359 316 3410 molto
335 3357 426 3426 magis
445 3359 564 3427 adparet
584 3360 656 3426 opud
677 3359 809 3410 Tacitum
831 3359 901 3410 Anti.
920 3363 950 3420 1,
969 3356 1023 3408 22:
1061 3359 1113 3410 abi
1131 3362 1259 3415 eadmer
1275 3359 1315 3413 ab

225 3450 334 3513 iecerit,
357 3457 385 3500 ct
404 3450 477 3518 apud
507 3450 624 3504 Sueton.
650 3451 716 3502 li'er.
739 3449 791 3502 482
829 3451 912 3501 odore
932 3449 1034 3500 adiecti
1050 3450 1079 3499 io
1098 3453 1151 3503 uia
1175 3453 1316 3506 eadm

225 3542 293 3605 (cir.
313 3541 398 3592 Galb.
417 3539 486 3606 20);
525 3559 590 3593 narn
609 3541 649 3593 ini
670 3559 746 3611 pane
774 3541 888 3593 omnino
906 3542 1066 3594 excluditur
1083 3545 1167 3599 notio
1188 3546 1246 3599 leci
1264 3560 1315 3600 m·

223 3631 278 3683 tati
307 3633 447 3702 (corporis
482 3636 646 3701 translati),
682 3633 882 3705 cogitaturqua
904 3634 1117 3712 ,tantummodo
1144 3639 1181 3691 de
1207 3653 1314 3711 corpor·

224 3723 408 3793 contemptim
445 3724 570 3793 proiecto
598 3726 679 3794 eique
704 3731 748 3778 rei
769 3728 848 3779 locus
877 3723 1052 3794 adsignatur.
1110 3727 1251 3801 Conlegit
1268 3746 1314 3784 ιιι

223 3832 316 3886 pauca
335 3817 464 3869 Handius
482 3818 502 3871 l.
531 3837 573 3882 c.‚
616 3837 630 3869 e
660 3817 760 3887 quibus
787 3835 847 3886 qna
871 3817 941 3871 mihi
971 3818 1066 3871 minus
1095 3831 1181 3875 recte
1201 3824 1316 3876 discreta

223 3908 323 3974 (etiam
351 3909 521 3978 scriptorum
550 3910 703 3979 generibus
731 3916 758 3962 ct
783 3911 925 3973 atatibns)
948 3915 978 3962 et
1003 3911 1136 3966 indicata
1161 3915 1314 3974 uideantur,

222 4014 277 4049 nou
296 4017 461 4069 persequar.
516 4004 609 4053 Unum
634 4004 703 4054 olim
723 4003 749 4054 in
777 4003 879 4072 Opnsc.
900 4002 986 4054 dead.
1004 4020 1032 4071 p.
1059 4004 1115 4057 ⁴97
1134 4023 1151 4058 e
1179 4006 1314 4059 carticii·

221 4091 342 4142 duorum
366 4092 494 4143 locorum
520 4094 581 4146 crui
609 4096 701 4161 (arma
731 4097 758 4146 in
780 4095 880 4162 templo
911 4095 1037 4145 Castora
1064 4099 1312 4165 coopertura-ta)

221 4198 273 4232 nac
288 4187 381 4233 tamen
402 4184 522 4250 probaui
540 4187 744 4258 Wesenbergio
763 4205 826 4241 mco
845 4187 996 4248 (Olrsernu.
1016 4187 1045 4238 ia
1066 4187 1194 4246 Section.
1213 4211 1241 4262 p.
1259 4188 1310 4256 28),

221 4272 268 4324 cui
286 4271 377 4343 magia
396 4273 422 4327 in
443 4297 476 4331 co
495 4279 655 4344 adsentior,
692 4281 765 4348 quod
785 4297 858 4333 none
877 4278 950 4348 opud
969 4276 1110 4335 Ouidium
1129 4285 1247 4340 Metam.
1265 4281 1308 4342 ΙΙΙ,
