2706 5018
311 368 370 437 ΕΤ
392 370 502 438 MAL.
525 368 610 436 LlB.
636 372 664 437 V
687 372 784 438 CAP.
808 377 859 438 lo.
1067 377 1131 441 Μ

108 566 205 629 retitur
229 586 249 629 a
271 566 431 652 principio
453 566 536 646 luit,
582 580 617 630 ut
637 590 696 647 ea,
720 591 804 655 quae
824 570 914 650 dixi,
938 593 1034 658 quam
1058 594 1131 657 per·

108 671 229 735 elmuino
252 685 369 736 natura
393 670 606 751 haberemus,
650 673 870 739 confitendum
892 689 940 756 st,
978 700 1074 763 quom
1098 680 1132 743 id

108 778 152 861 rpti
173 778 296 857 simus,
319 779 405 864 quod
429 779 609 864 adpetitum
631 782 685 858 eit,
710 782 743 843 in
768 802 808 845 eo
832 784 925 866 quasi
947 786 980 847 in
1003 783 1131 848 ulturno

108 884 220 946 >sistere
246 878 407 964 naturam,
430 897 526 970 atque
547 888 579 950 id
607 908 679 950 esse
698 908 861 951 saturnum
885 887 1023 964 bonum3
1045 891 1132 976 quod

108 999 131 1050 te
153 991 341 1053 uniuersum
365 1011 426 1053 sua
454 1006 572 1077 sponte
604 995 709 1078 ipsum
742 996 856 1078 expeti
882 1007 915 1057 et
939 1009 1072 1080 proptor
1096 1018 1133 1060 ee

108 1114 176 1157 esse
198 1107 247 1173 et,
271 1098 425 1181 quoniam
447 1111 523 1161 ante
549 1099 805 1163 demonstratum
825 1112 873 1179 et,
896 1102 995 1163 etiem
1019 1103 1133 1186 singu·

119 1202 184 1264 eius
209 1204 311 1286 portis
335 1224 409 1265 esse
432 1226 490 1290 per
513 1225 550 1268 se
576 1205 791 1289 expetendas.
858 1206 911 1268 45.
937 1204 974 1269 ln
999 1227 1132 1270 enume-

110 1305 153 1369 dis
177 1321 285 1371 autem
311 1312 456 1391 corporis
479 1313 657 1375 commodis
681 1313 709 1374 si
732 1312 805 1396 quis
828 1313 1090 1397 praetermissam
1113 1335 1133 1376 a

108 1413 140 1475 tie
161 1413 361 1498 uoluptatem
382 1415 531 1501 putabit,
574 1419 609 1480 in
642 1415 731 1480 aliud
763 1430 890 1499 tempus
924 1440 963 1482 ea
985 1421 1133 1504 quaestio

108 1581 218 1633 naturale
232 1588 285 1625 not.
300 1580 362 1627 ΒΘΗ
424 1582 491 1639 quael
506 1582 542 1634 in)
557 1584 629 1649 quaet
642 1583 769 1629 tucnor.
829 1584 937 1640 qnoniam
951 1586 1038 1639 -eetl
1052 1584 1134 1629 omss

108 1652 203 1706 lentem
216 1657 281 1703 lal’ll
309 1670 363 1703 eree
377 1671 421 1716 per
434 1660 470 1715 ee)
480 1672 507 1717 p.
524 1673 544 1703 e.
559 1672 580 1705 e.
596 1658 618 1703 ll
672 1659 707 1704 tt.
723 1668 753 1703 οι
767 1658 874 1715 questro)
887 1661 989 1717 quoeetto
1005 1659 1133 1705 tecnon.

108 1806 174 1863 linet.
209 1812 299 1865 Recte
317 1811 448 1866 Bremiue
467 1812 539 1867 utut
557 1813 612 1868 hoe
630 1814 702 1882 dici,
739 1833 823 1888 quom
843 1815 970 1869 animum
988 1822 1016 1869 et
1034 1831 1135 1884 corpur

108 1896 178 1967 imur,
196 1904 317 1957 doulam
335 1921 395 1958 eree
413 1921 548 1974 operam,
566 1913 597 1960 ut
616 1907 772 1979 utrimque,
790 1905 817 1959 id
837 1915 889 1971 ert,
907 1907 993 1960 totiue
1014 1906 1137 1959 lr'ominie

108 1991 344 2064 ieperlruemur‚
381 1996 410 2050 in
438 2014 494 2068 quo
521 1998 611 2052 omnis
638 1999 696 2052 lure
714 2000 867 2070 disputatio
888 2005 1027 2051 uertatur.
1080 1997 1137 2049 sm

108 2100 118 2136 ο
134 2104 180 2155 pro
199 2088 279 2142 noui·
299 2088 384 2143 enimi
404 2095 433 2142 et
451 2090 599 2159 corporir,
627 2109 688 2162 quer
707 2092 778 2145 elilri
799 2092 855 2145 dini
872 2093 982 2153 solem,
1003 2089 1068 2155 llio,
1087 2090 1137 2143 nlri

108 2182 203 2232 uetuere
222 2178 383 2250 cognitione
404 2178 479 2251 ugit,
499 2199 531 2233 er
551 2198 606 2253 qua
625 2183 688 2236 liuie
706 2185 845 2238 bonorum
862 2186 1001 2245 duretur,
1020 2182 1138 2236 ltreuiur

108 2285 142 2322 ιο
156 2279 184 2325 et
201 2289 320 2343 corpore
339 2273 395 2325 lrui
416 2273 512 2336 iubet,
531 2273 711 2344 significum,
737 2294 822 2346 quom
841 2294 938 2328 eorum
958 2276 1039 2330 bonie
1058 2276 1137 2329 irue-

108 2376 131 2425 ι,
163 2363 235 2417 οἰΙιίΙ
255 2364 307 2419 oiri
325 2365 536 2436 nobismetipsis
556 2374 708 2435 nostraquo
734 2376 837 2422 netum
855 2369 982 2438 perlecto
1001 2383 1051 2420 nor
1069 2366 1136 2421 lrui.

108 2453 211 2525 rigitur
230 2456 362 2511 Bremiue
387 2459 468 2510 rebor
494 2458 558 2511 tolli
585 2459 721 2524 uolebet;
757 2476 848 2528 neque
868 2459 894 2512 irl
923 2460 1016 2513 minoe
1033 2460 1138 2513 tollen·

108 2557 157 2602 tet
174 2566 257 2612 nuno,
276 2549 408 2603 restituto
427 2567 443 2602 e
459 2551 520 2603 eod.
540 2550 601 2601 Erl.
622 2550 674 2614 iieq
691 2566 758 2603 nem
775 2567 838 2602 ree
857 2568 895 2603 ete
913 2551 1009 2622 inepte
1026 2551 1138 2605 unimur

108 2652 208 2710 urpur,
243 2657 304 2713 que
323 2640 420 2710 peucie
439 2641 533 2696 uerbi·
565 2647 631 2693 ente
654 2642 803 2695 nominate
827 2644 909 2707 eunt,
946 2643 1137 2713 appellantur.

108 2729 135 2782 tie
151 2750 200 2801 pro
219 2733 254 2785 iir
271 2731 372 2786 uitione
390 2734 548 2798 diceretur,
566 2748 651 2804 quom
674 2731 765 2799 nihil,
783 2733 857 2802 quoti
875 2731 944 2803 iprir
964 2733 1138 2788 eontrarium

120 2824 151 2876 tlt
168 2823 234 2895 lpeir
252 2829 417 2894 reparatum
440 2833 529 2891 erret,
561 2825 793 2897 significaretur.)
829 2826 906 2878 Tum
927 2825 1038 2879 eolicee
1056 2827 1139 2879 multi

108 2915 199 2971 trioree
218 2919 306 2982 (Pell.
323 2917 349 2982 2,
367 2916 394 2984 8,
414 2918 441 2984 5,
460 2921 517 2982 et,
533 2919 602 2973 On.
622 2936 729 2984 omnm,
747 2918 841 2986 ilion.)
857 2917 1041 2986 perficietur,
1063 2917 1139 2988 quod

108 3020 137 3060 or
154 3009 180 3062 in
201 3011 334 3080 margine
354 3013 432 3066 (iret.
454 3011 593 3066 etlnoteri.
632 3013 673 3064 ΔιΙ
692 3011 927 3078 melioratum.)
946 3009 1140 3080 ediungnntnr
1206 3040 1214 3053 ·

108 3098 219 3154 telorum
238 3102 364 3156 minume
381 3103 471 3168 meli,
486 3104 510 3157 Ρ
529 3111 623 3157 noeter
642 3110 671 3157 et
687 3104 749 3158 Pel.
766 3105 802 3169 ⁴3
820 3102 883 3156 unt.
901 3101 1104 3170 iperjerotur.

120 3207 197 3265 qnam
211 3194 427 3261 perfeetireumo
444 3197 559 3265 reaturo)
579 3196 627 3250 Sic
639 3196 727 3251 Griue
738 3193 824 3249 eliam
844 3211 876 3247 er
889 3193 965 3262 {pin
983 3198 1012 3245 et
1029 3190 1140 3258 (lumi,

123 3298 175 3338 ιοο
204 3284 364 3351 intellexil3
404 3303 469 3340 nem
499 3289 712 3357 perfeetieeumtr
746 3285 939 3341 ttccueetiuom
964 3300 1024 3336 eree
1047 3289 1138 3355 putet.

108 3376 146 3430 ttttl
165 3378 315 3442 elimet,
340 3378 482 3449 '’perroepe
499 3387 646 3434 auctorem
665 3379 776 3432 elicere:
813 3379 865 3431 ltoe
882 3384 984 3431 notura
1001 3376 1140 3437 tatemer,

117 3478 216 3523 ertum
232 3470 311 3523 nolin
328 3476 379 3531 eet,
394 3471 487 3541 lingit,
508 3479 539 3526 ut
556 3474 638 3537 nolet,
657 3470 849 3542 inpudenter.)
885 3474 977 3539 Quom
998 3470 1033 3522 de
1052 3469 1139 3538 oupe-

123 3563 226 3632 egitnr,
245 3579 301 3616 non
320 3563 464 3633 queritur,
483 3565 580 3634 qualia
598 3581 616 3618 e
634 3573 745 3628 notura,
764 3564 792 3616 id
812 3570 862 3629 ert,
880 3579 966 3634 quom
980 3577 1141 3625 narremur,

108 3666 214 3719 mutue,
230 3654 279 3707 eetl
299 3653 376 3725 quali
395 3658 508 3722 notura,
527 3657 582 3710 Ιιοο
599 3664 652 3721 eet,
670 3657 776 3726 quelie.
812 3662 911 3727 lteqne
927 3655 1142 3723 perfectiorum

108 3759 149 3799 tre
172 3745 355 3817 coniungitur
379 3748 448 3815 (von
465 3749 516 3802 der
541 3750 796 3803 volllommenrten
819 3748 911 3801 Netur
928 3746 985 3799 untl
1004 3745 1142 3799 Berrlral·

108 3834 187 3905 leit)3
224 3839 328 3893 meluit
345 3847 440 3894 eutem
468 3841 568 3894 Cicero
589 3847 629 3895 eie
647 3838 741 3894 nlicere
760 3854 844 3908 quem
862 3841 975 3891 lentum
992 3837 1142 3905 perfectio·

108 3946 129 3983 ιο
145 3933 324 3998 (erouretiuo
343 3938 432 4001 caru),
446 3940 478 3987 ut
496 3933 577 3986 illem
597 3931 803 4002 perlectionem
815 3928 1023 3985 absolutionem
1036 3933 1143 3983 nature

108 4036 114 4074 t
129 4022 312 4096 rlgnilieeret.

119 4116 161 4170 45.
199 4134 233 4170 eo
249 4116 379 4191 qeoeetio)
418 4116 465 4170 Sic
491 4117 579 4171 elium
605 4116 681 4187 Spin.
701 4122 729 4169 et
748 4110 834 4166 etlitio
855 4114 932 4168 Cret
953 4113 994 4176 (ln
1013 4119 1143 4168 contextu

108 4203 206 4274 lione);
225 4225 277 4261 nee
295 4209 388 4262 mlum
406 4210 473 4277 epte
491 4209 531 4264 rio
549 4211 670 4276 dir-itur,
690 4212 722 4260 ut
739 4205 793 4260 ille
810 4205 925 4275 quaetio
944 4208 981 4260 eli
1000 4222 1052 4270 ee,
1083 4221 1143 4273 que

108 4315 127 4353 te
140 4306 289 4365 tractetur,
306 4306 464 4371 reperetur,
481 4297 530 4351 eorl
546 4296 703 4352 necessario
721 4298 762 4353 eie
777 4298 926 4353 licendum
948 4303 1019 4353 eret.
1046 4296 1143 4365 Neque

108 4406 130 4445 ι
144 4393 317 4469 quertiooem
342 4393 440 4461 differo
467 4389 508 4447 eie
534 4387 637 4446 elicitur
656 4396 688 4446 ut
705 4392 879 4467 quitationem
898 4389 1031 4452 laetitae,
1069 4386 1142 4455 quod
