2706 5018
355 343 412 407 ar
436 342 543 409 uro.
566 343 649 408 mo.
673 346 701 408 ι·
727 343 821 408 cau.
844 349 894 407 ιι.
1101 317 1170 407 uo

98 558 240 621 rrgeam,
290 560 352 601 non
376 539 570 625 intellegere
596 563 689 619 eum,
733 540 807 625 quid
830 539 894 601 sibi
915 538 1084 601 dicendum
1109 539 1161 612 sit,

98 664 179 727 'uem
211 641 356 708 dolorem
393 667 554 709 summum
586 647 706 711 malum
736 668 808 709 esse
839 646 971 707 dixerit.
1038 643 1162 706 Eadem

98 770 167 811 runc
191 772 262 811 men
288 751 460 814 aduersum
483 766 514 814 te
538 756 643 816 oratio
663 767 703 816 st.
750 752 841 816 Dicis
867 752 979 814 eadem
1002 753 1110 813 omnia
1131 762 1162 812 et

98 875 168 917 rona
191 869 222 917 et
244 855 341 934 mala,
364 880 446 942 quae
472 859 600 942 quidem
621 859 731 922 dicunt
752 862 794 937 ii,
817 861 872 944 qui
896 878 1069 941 numquam
1092 855 1162 940 phi·

98 962 252 1044 oeopirmu
285 964 425 1046 pictum,
470 977 505 1026 ut
537 965 674 1043 dieitur,
717 964 889 1042 uiderunt,
930 962 1162 1026 ualetudinem,

98 1067 180 1143 airis,
226 1080 400 1147 staturam,
445 1071 602 1146 formum,
649 1073 867 1156 integritatem
910 1067 1158 1154 unguiculorum

98 1178 221 1237 tmuium
246 1174 349 1252 bono,
371 1176 622 1256 deformitatem,
647 1178 812 1256 morbum,
837 1175 1038 1240 debilitatem
1064 1172 1160 1237 mala.

135 1400 250 1446 dicendum
267 1401 340 1455 eide.
355 1406 379 1448 d.
395 1404 417 1448 R
459 1419 512 1451 erre
528 1406 622 1460 dixerit)
635 1408 735 1453 dieitE
772 1406 864 1463 quidem
886 1403 973 1455 dieunt)
987 1405 1010 1447 d.
1030 1400 1096 1458 q·l’
1137 1399 1163 1453 ii)

98 1470 193 1521 iilum.
211 1479 314 1524 Potior.
356 1479 426 1532 bone)
440 1493 484 1526 nm.
499 1495 586 1535 omnen,
601 1484 641 1528 0r.
683 1481 863 1532 deformitatem)
882 1491 933 1522 enm
959 1483 1013 1523 note
1031 1473 1108 1521 mendi
1122 1474 1162 1517 οι.

98 1685 155 1742 mom
171 1682 189 1725 t.
209 1676 236 1727 d.
258 1678 294 1740 in,
314 1680 360 1732 uel
379 1680 482 1749 potine,
501 1699 519 1733 n
538 1689 594 1736 nat.
616 1682 702 1751 doni)
731 1683 786 1736 Sed
808 1682 836 1734 in
857 1695 901 1740 ea,
919 1677 1078 1747 quamdin,
1098 1692 1161 1728 een·

98 1761 164 1817 urie
183 1770 266 1820 ualde
285 1788 396 1836 uereor,
417 1780 448 1826 ut
469 1781 545 1827 reete
562 1775 688 1830 dientnre
707 1777 794 1828 indeo
815 1779 921 1825 tontum
938 1770 1002 1822 tant
1015 1769 1043 1820 in
1060 1773 1163 1820 nutura

98 1868 132 1915 9¹⁰
148 1874 194 1925 eo,
212 1863 285 1929 quod
305 1872 361 1916 ert:
393 1866 420 1915 in
438 1872 540 1918 natura
558 1884 618 1920 eree
637 1868 745 1929 tantem
764 1867 848 1935 longe
867 1861 941 1915 enlm
959 1860 1042 1915 allier
1060 1857 1164 1912 dicim!

98 1942 173 2002 latere
190 1954 296 2020 aliquid
314 1956 341 2006 rit
360 1957 454 2021 donin,
475 1958 504 2011 id
525 1967 583 2023 ent,
620 1975 778 2014 numerere.
818 1958 959 2011 Preterea
977 1953 1006 2006 in
1024 1954 1080 2006 line
1097 1968 1161 2004 een·

99 2041 165 2101 entia
182 2042 264 2099 nimie
283 2046 391 2101 inlinite
408 2050 437 2100 in
455 2057 556 2104 notura
573 2052 693 2114 dicitnr,
719 2068 802 2121 quom
822 2057 927 2103 nature
946 2045 1004 2102 uim
1021 2043 1160 2115 Epicurus

98 2143 134 2185 ton
148 2134 330 2205 significarit,
365 2147 410 2206 ut,
429 2143 590 2197 humanare
610 2159 645 2198 en
666 2143 798 2197 uniuersa
818 2142 1018 2209 intellegntur,
1036 2155 1091 2191 non
1109 2135 1158 2189 ed·

98 2235 181 2279 urent.
218 2229 315 2299 itaquo
333 2234 477 2303 suspicor,
515 2236 680 2289 Ciceronem
698 2236 857 2306 scripeieeer
886 2232 952 2308 quid
970 2236 1075 2283 tontum
1095 2227 1159 2289 dne,

98 2310 177 2384 im,
206 2325 346 2392 qrrodnnm
365 2334 473 2380 tantum
493 2328 598 2382 bouum
620 2327 647 2381 in
668 2332 772 2382 notura
788 2344 883 2381 rerum
901 2325 1043 2395 reperiet,
1063 2339 1116 2391 quo
1131 2320 1159 2372 id

98 2407 190 2464 meiat.
250 2415 322 2478 (lloo
350 2425 454 2471 tantum
479 2421 543 2473 boni
568 2424 603 2491 de
629 2422 719 2491 inper.
749 2422 798 2474 Cn.
818 2417 986 2488 Pomm-⁴93
1023 2411 1158 2484 Quinem·

98 2495 147 2565 ΠΙ,
165 2505 197 2566 l,
216 2504 265 2558 33:
292 2510 380 2580 qnid
398 2529 464 2578 ergo
488 2519 595 2566 tantum
614 2521 640 2566 ei
660 2515 730 2565 artie
748 2514 776 2566 in
795 2507 989 2587 eloquentini)

144 2612 200 2669 qnoe
217 2599 325 2666 quidem
343 2601 438 2653 dicunt
456 2604 485 2666 ii,
507 2606 565 2673 qni)
588 2604 711 2659 Restitui
732 2621 764 2656 ex
783 2605 844 2656 Eri.
867 2601 909 2668 (id
929 2606 986 2662 eet,
1006 2614 1039 2651 ex
1057 2595 1157 2649 melio·

98 2676 167 2748 iliter
188 2706 253 2743 nem
271 2693 305 2743 de
324 2693 378 2746 hoe
397 2712 507 2766 quoque
526 2695 611 2750 Gziue
631 2697 732 2762 tacuit)
751 2703 779 2749 et
797 2693 875 2748 lieid.
895 2706 1065 2763 pronomen,
1084 2687 1157 2758 (1⁰⁰³

98 2776 174 2833 ther
191 2787 393 2854 conparatione
411 2806 488 2857 pene
506 2787 697 2842 neceesarium
716 2795 759 2846 rte
785 2785 841 2839 uid.
861 2786 897 2838 ad
915 2786 956 2849 ll,
996 2780 1039 2834 48.
1081 2777 1156 2848 Quid

98 2870 211 2928 nticula
230 2877 336 2944 quidem
354 2878 381 2931 in
398 2880 452 2932 hee
472 2881 564 2936 forme
580 2880 715 2935 orationis
733 2880 852 2947 (endem,
865 2895 924 2952 qum
942 2873 1061 2950 quidem)
1079 2876 1157 2942 ⁸3³²*

98 2963 173 3019 iudo.

141 3061 343 3123 ualetudinem,
363 3062 451 3127 uiris,
490 3067 568 3130 cett.)
588 3068 680 3134 Quom
699 3064 797 3118 (linere
816 3062 856 3116 nie
872 3060 1024 3131 potuisset:
1063 3055 1156 3111 endem

98 3150 295 3204 nuecelone
321 3159 347 3204 et
365 3156 453 3218 mnia,
491 3158 620 3227 exemplo
639 3155 782 3229 utriunque
801 3158 913 3227 generis
931 3159 981 3206 eut
1000 3148 1157 3208 coniuncte,

98 3239 156 3299 todo
174 3262 209 3295 ne
228 3245 473 3315 permiscerentur,
493 3249 597 3301 addere
618 3255 738 3318 poteret,
758 3264 928 3319 quamquem
947 3242 1064 3312 aliquid,
1082 3238 1156 3311 quod

98 3322 213 3397 innuat,
232 3338 319 3392 habet
338 3339 497 3393 huiusmodi
515 3341 705 3397 enumeratio:
723 3341 923 3404 ualetudinem,
942 3337 1013 3392 nirie
1032 3362 1066 3374 -
1086 3333 1156 3383 init·

98 3423 202 3480 ritatem
221 3432 432 3497 unguiculorum
450 3435 583 3496 omnium,
611 3434 826 3500 deformitatem,
845 3438 929 3497 enti,
949 3428 1156 3485 ruthenorum

98 3511 258 3574 inermum
278 3526 405 3595 exempta
425 3526 527 3580 additis
546 3524 590 3579 irie
609 3526 768 3580 nominibus
789 3526 980 3597 distinguere3
1016 3516 1155 3591 quomodo

98 3607 180 3667 »dices
200 3616 275 3668 hune
290 3617 383 3670 lorum
402 3616 536 3691 seriptum
554 3620 678 3684 liabent,
698 3620 797 3673 Cicero
818 3636 909 3689 neque
926 3616 1016 3672 eciene
1033 3609 1156 3665 seribere

98 3707 290 3776 utereturque
309 3708 336 3762 in
366 3717 423 3765 tem
452 3718 551 3782 aperto
569 3720 597 3765 et
621 3712 703 3766 breui
733 3711 944 3770 enumeratione
968 3703 1087 3776 duplici·
1105 3717 1155 3771 8⁸·

98 3797 147 3852 nu
166 3816 259 3851 rerum
279 3801 460 3871 neglegentia
477 3805 505 3858 in
526 3804 553 3856 id
571 3804 704 3860 incidere.
757 3804 850 3858 Multo
869 3808 964 3855 eutem
980 3791 1156 3866 prolubium

98 3891 130 3956 u,
170 3892 239 3943 bona
265 3885 294 3944 in
321 3894 416 3945 codice
445 3896 598 3965 archetypo
627 3896 777 3959 excidisse,
817 3893 897 3947 enine
921 3888 1033 3961 generis
1061 3884 1156 3938 mendi

101 3984 162 4038 otta
180 3985 309 4054 exempto
327 3982 465 4049 uidimus,
504 4003 588 4057 quam
604 3988 679 4042 moin
696 3987 823 4041 additum
842 4000 920 4048 eene,
955 3997 1022 4039 narn
1039 3977 1088 4050 qni
1105 3978 1155 4032 nd·

98 4075 140 4130 ire
160 4077 268 4148 aliquid
284 4078 382 4142 uellet,
402 4079 552 4152 utrumque
564 4079 724 4135 addidisset.
752 4085 852 4149 Itaque
863 4073 1156 4135 labinieonienturem

98 4184 156 4227 rem
178 4168 263 4226 etiem
285 4170 432 4227 Ernertiur
459 4176 571 4228 secutur
591 4178 670 4235 erni,
692 4171 802 4243 pretuli
820 4170 891 4237 Gai,
909 4166 1049 4244 quinutu
1067 4160 1155 4217 ‘lsslffl'f

98 4261 197 4325 olebat
