2706 5018
128 332 206 398 LVl
552 330 807 398 PRAEFA'l'lO.

128 513 357 604 exemplorum
383 527 415 578 et
441 517 754 581 nominumturbam
779 537 864 600 saepe
896 539 969 580 cum
1001 515 1088 580 haud
1120 538 1220 603 parua

127 625 330 688 confusione.
374 619 606 687 Difficillumes
629 623 719 688 locos
743 637 775 688 et
797 646 851 703 re,
873 625 1048 702 sententia,
1072 624 1220 688 oratione

127 729 291 816 inpeditos
313 726 584 815 perturbatosque
608 751 695 815 saepe
719 733 838 794 tacitus
862 730 1073 816 praeteriit.¹)
1141 729 1222 792 l’rn·

127 837 257 900 dentior
290 835 352 898 luit
385 838 547 921 interpres
577 835 694 900 horum
723 835 883 901 librorum
914 834 954 900 G.
987 833 1024 899 C.
1062 833 1220 912 Karnius‚

128 945 221 1008 cuius
249 943 555 1029 interpretationem
592 941 820 1029 (stuttgardiae
853 945 947 1026 1830)
982 963 1080 1027 quom
1116 944 1222 1027 magis

128 1070 206 1114 casu
235 1071 330 1135 quam
361 1046 500 1111 consilio
532 1050 753 1130 inspexissent
787 1050 906 1134 (neque
939 1050 1027 1111 enirn
1067 1068 1221 1133 magnam

129 1157 395 1240 expectationem
419 1155 521 1218 luisse
544 1155 675 1237 fateor),
698 1156 826 1239 repperi
850 1152 976 1238 aliquot
991 1151 1074 1216 locis
1098 1154 1221 1216 uitatos

128 1260 292 1326 Goerenzi
315 1282 464 1340 errores,
511 1263 566 1345 qui
597 1272 722 1323 ceteros
753 1262 859 1323 omnis
880 1260 1087 1344 decepissent
1111 1272 1146 1321 et
1167 1280 1223 1321 ne·

127 1391 196 1432 ram
220 1370 417 1432 sententiam
437 1379 653 1454 perspectam.
684 1364 808 1449 (llauffi
830 1387 957 1452 quoque
980 1368 1222 1453 interpretatio·

128 1497 203 1539 nem
221 1473 324 1538 multo
341 1474 532 1538 inferiorem
548 1474 681 1558 inspexi
702 1473 816 1554 paucis
838 1471 964 1558 aliquot
975 1470 1069 1552 locis,
1088 1471 1148 1536 nbi
1169 1494 1223 1535 su·

129 1579 299 1665 spicabar,
324 1578 448 1666 aliquid
473 1578 575 1666 uolgo
602 1601 666 1643 non
689 1591 777 1642 recta
799 1581 903 1666 accipi
926 1591 958 1641 et
980 1600 1052 1642 esse
1075 1579 1222 1643 admoni-

127 1682 208 1750 tioni
233 1684 371 1768 locum.)
412 1683 464 1750 De
488 1693 694 1772 superiorum
720 1699 902 1769 temporum
942 1684 1126 1749 editoribus
1157 1687 1223 1749 siu·

127 1792 267 1881 galatim
290 1792 354 1857 dici
387 1814 469 1880 opus
499 1804 657 1871 nonest,
681 1813 699 1855 e
726 1789 843 1876 quibus
866 1789 1036 1871 Bremius,
1067 1794 1123 1878 qui
1146 1814 1219 1874 pro-

130 1923 231 1965 xume
253 1913 330 1964 ante
351 1913 496 1963 nostram
517 1911 647 1962 aetatem
671 1899 731 1961 tris
754 1899 880 1982 priores
904 1897 1009 1963 libros
1034 1899 1158 1976 edidit,
1187 1901 1220 1961 in

127 2008 229 2084 duos,
276 2027 413 2091 quorum
444 2005 545 2069 editio
578 2004 723 2090 inpedita
755 2003 882 2083 luerat,
928 2026 999 2090 quae
1024 2019 1223 2068 commenta-

128 2128 181 2174 tus
203 2123 292 2189 erat,
316 2131 390 2174 cnm
412 2108 598 2174 Goerenzio
623 2112 896 2190 communicauit,
928 2114 955 2173 si
981 2109 1139 2175 subsidiis
1170 2115 1218 2175 iu-

128 2218 282 2281 structior
306 2228 339 2280 et
364 2219 469 2304 magis
494 2218 697 2281 exercitatus
722 2217 762 2280 ad
787 2238 843 2280 cos
870 2216 1085 2297 adcessisset,
1126 2234 1159 2281 et
1192 2221 1221 2281 si

129 2336 255 2388 tantum
280 2326 394 2410 ingeni
416 2325 567 2388 acumine
592 2321 764 2402 ualuisset,
789 2336 946 2409 quantum
968 2338 1058 2387 recto
1081 2324 1223 2409 quodam

129 2452 227 2494 sensu
249 2431 291 2494 ad
313 2452 428 2494 uarum
452 2428 653 2507 trahebatur,
681 2451 745 2493 non
770 2453 885 2514 parum
908 2431 1098 2516 profuisset.

223 2536 415 2622 inposuerat
437 2535 518 2600 mihi
540 2535 672 2600 fortuna
693 2557 846 2622 magnam
863 2539 902 2600 ·in
925 2536 987 2599 hoc
1010 2534 1096 2599 libro
1114 2557 1226 2618 repre-

129 2642 293 2707 hendendi
306 2645 533 2707 necessitatem
546 2663 555 2717 ;
577 2641 666 2705 dedit
679 2641 805 2722 eadem,
819 2642 905 2728 quod
925 2655 957 2706 et
972 2645 1004 2705 in
1028 2644 1100 2729 ipso
1123 2664 1226 2729 opere

129 2769 217 2834 soepe
249 2749 334 2814 hanc
362 2748 548 2814 molestiam
581 2768 700 2833 magna
735 2751 899 2812 suauitate
930 2748 1061 2826 leniret,
1095 2761 1128 2812 et
1162 2750 1227 2814 hoc

130 2853 205 2920 loco
226 2856 310 2921 hanc
335 2855 477 2921 aliorum
499 2856 832 2920 conmemorationem
858 2875 945 2918 uerae
969 2853 1076 2917 laudis
1108 2856 1226 2919 iucun-

128 2962 274 3028 dissuma
302 2964 534 3046 pradicatione
568 2960 788 3027 concluderet.
858 2960 907 3024 Ea
930 2958 1068 3024 debetur
1094 2981 1225 3026 summo

130 3071 201 3132 iure
225 3071 331 3133 amico
355 3091 442 3150 meo,
463 3071 520 3155 qui
542 3089 578 3133 sa
601 3068 763 3132 interdum
784 3065 980 3148 discipulum
1001 3064 1118 3130 haberi
1140 3067 1226 3147 uolt,

130 3173 172 3237 A.
196 3172 230 3238 S.
251 3172 513 3258 Wesenbergio,
535 3154 656 3236 scholae
679 3172 897 3258 Uiburge‘nsis
919 3175 1089 3257 magistro.
1136 3172 1224 3239 Nam

129 3283 157 3341 is
179 3299 277 3363 quom
299 3278 404 3358 forte,
435 3299 500 3363 quo
525 3291 672 3362 tempore
694 3278 762 3341 haec
784 3278 885 3341 editio
907 3279 1112 3366 typographo
1140 3281 1226 3345 tradi

129 3396 245 3470 coepta
263 3396 305 3460 st,
328 3381 495 3446 llauniam
521 3385 678 3463 uenisset,
699 3396 933 3470 rogatusquea
955 3406 1007 3448 me
1030 3406 1089 3467 pro
1112 3401 1225 3451 nostra

129 3489 354 3554 familiaritate
375 3503 481 3567 esset,
513 3501 566 3566 ut,
602 3491 631 3551 si
656 3491 733 3574 qnid
757 3491 796 3554 ad
820 3489 881 3554 hos
902 3490 1006 3556 libros
1029 3492 1223 3557 adnotatum

129 3595 289 3676 haberet,
311 3618 439 3661 mecum
462 3596 735 3673 communicaret,
760 3609 933 3683 postquam
958 3598 1088 3662 domurn
1111 3598 1225 3678 rediit,

128 3725 207 3785 non,
230 3726 301 3792 quae
324 3706 390 3767 iam
412 3699 567 3782 habebat,
587 3704 687 3780 misit,
705 3703 763 3767 sed
786 3724 860 3766 mea
881 3725 997 3769 caussa
1018 3707 1065 3768 ita
1088 3726 1124 3769 se
1147 3727 1224 3770 con·

129 3874 359 3890 m

150 3998 177 4062 ¹)
197 3993 370 4048 Billerheclri
393 3994 549 4050 editionem
576 3993 772 4061 (llsnnouerte
797 4011 822 4046 a.
852 3996 935 4063 1827)
963 3993 1136 4066 inspicient,
1175 3995 1223 4068 qui

196 4085 292 4156 legere
318 4087 452 4160 cupient,
488 4087 651 4142 Acaderm‘oe
677 4106 734 4140 nore
751 4088 813 4138 siue
831 4105 936 4140 caussa
953 4089 1107 4141 nobilitata
1125 4090 1223 4156 spatia

197 4194 260 4232 asse
287 4198 341 4234 verr
375 4183 425 4235 der·
450 4183 617 4236 normeltmen
647 4179 731 4235 Wetr
758 4181 908 4236 besrtelten
938 4180 1155 4251 Spaziryanqe,
1194 4186 1223 4232 ei

196 4270 307 4325 sinilia.
