2706 5018
125 356 168 417 04
477 352 537 417 DE
560 349 738 421 FlNlBUS
760 347 863 416 BON.

128 548 183 633 qui
207 566 307 607 unum
336 566 440 630 genus
464 549 574 630 posuit
595 569 708 611 earurn
734 546 968 630 cupiditatum,
1003 562 1089 627 quae
1113 560 1154 603 est

128 665 161 716 et
185 649 351 715 naturales
374 662 406 712 et
431 653 653 733 necessariae,
685 652 846 729 alterunr,
868 670 954 735 quae
979 644 1149 711 naturales

127 770 218 835 sont,
242 777 302 819 uec
324 767 432 819 tamen
454 763 677 838 necessariae,
697 761 848 836 tertium,
869 777 953 842 quae
977 775 1040 817 nec
1058 766 1154 816 natan

129 884 189 926 nec
207 866 431 938 necessariae;
463 887 598 949 quarum
622 889 660 929 ea
683 867 765 929 ratio
789 877 839 941 st,
869 875 904 924 ut
931 860 1137 924 necessariae

130 993 230 1056 opera
253 969 356 1033 multa
379 992 438 1034 nec
460 973 598 1056 inpensa
621 970 830 1052 expleantur.
892 970 947 1030 40.
977 963 1031 1029 Ne
1055 976 1154 1028 natust

129 1077 260 1162 quidem
282 1075 384 1140 inulta
405 1077 611 1156 desiderant,
636 1090 809 1163 propterea
829 1075 915 1162 quod
937 1076 1011 1156 ipsa
1035 1083 1147 1135 natura

129 1185 239 1260 uitiata,
262 1181 379 1268 quibus
402 1194 555 1246 contenta
578 1185 642 1262 sit,
667 1197 700 1247 et
716 1181 875 1268 parabilis
898 1192 931 1244 ct
953 1179 1141 1242 terminatas

129 1287 196 1352 bet.
258 1288 407 1352 lnaniurn
440 1302 549 1352 autern
582 1290 796 1373 cupiditatum
826 1310 886 1351 nec
914 1285 1032 1351 modus
1054 1281 1138 1346 ullus

130 1392 207 1458 finis
238 1395 379 1457 inueniri
399 1407 517 1478 potest.

222 1498 320 1563 XlV.
390 1499 485 1575 erod
516 1502 544 1562 si
575 1502 676 1563 uitam
711 1520 840 1562 omnem
864 1492 1049 1581 perturbari
1074 1492 1154 1554 nidor

131 1626 241 1668 errore
268 1617 301 1667 et
321 1607 512 1685 inscientia,
536 1607 795 1691 sapientiamque
820 1624 894 1667 esse
919 1599 1038 1679 solam,
1061 1618 1138 1686 quae

184 1808 219 1852 ⁴⁵.
234 1804 318 1862 posuit)
330 1807 407 1858 possit
421 1806 442 1850 E
503 1810 528 1851 et
541 1805 672 1858 naturales)
685 1811 769 1849 notor.
784 1801 825 1846 Ea
882 1813 927 1844 noc
940 1802 1031 1852 umen)
1042 1811 1091 1842 ass
1101 1806 1154 1843 ms

131 1885 165 1929 ⁴⁸.
180 1883 226 1939 tte)
241 1883 295 1927 Nec
310 1881 330 1925 u
357 1882 491 1938 inscientia)
505 1881 643 1927 intentati

132 2055 260 2108 Menoec.
278 2054 352 2124 apud
372 2055 454 2124 Diog.
472 2055 513 2114 X,
550 2052 612 2106 127.
655 2051 791 2106 Pluribus
810 2047 908 2103 Cicero
926 2050 1002 2103 haue
1021 2044 1154 2100 diuisiosa

132 2145 230 2200 multis
249 2154 376 2199 ueterum
396 2154 634 2200 conmemoratans
655 2143 767 2215 exponit
786 2144 873 2196 Ture.
893 2144 927 2207 V,
945 2140 981 2195 tt
995 2158 1056 2211 sqq.

202 2243 230 2288 et
248 2236 405 2303 naturales)
425 2237 512 2289 Gaius
532 2239 647 2303 scribit,
673 2240 778 2291 multos
797 2234 905 2289 codices
924 2241 1040 2305 tresque
1056 2246 1119 2284 suos
1132 2244 1154 2281 st

133 2333 194 2381 tosa
214 2333 263 2392 etr
282 2344 375 2393 nemo,
395 2329 469 2399 quotl
487 2330 592 2392 sciam,
611 2328 789 2400 superiorum
807 2328 957 2398 quicquam
976 2327 1130 2379 adnotarat

203 2436 320 2489 quarum
338 2437 370 2472 oa
386 2421 459 2472 ratio
478 2427 517 2487 st)
537 2424 578 2474 llo
597 2421 732 2475 orationis
752 2422 846 2474 forma
865 2421 893 2473 in
913 2418 1009 2472 uerbis
1027 2420 1154 2470 naastan

134 2513 241 2580 quidem
258 2513 346 2564 multo
364 2513 523 2566 desiderant
540 2516 576 2567 sb
595 2514 723 2567 instituto
743 2531 826 2567 cursu
845 2510 1020 2566 doiloctcatis
1032 2506 1091 2563 ‹liai
1106 2504 1154 2558 inl

135 2603 200 2656 lari
218 2605 232 2671 fi
250 2603 294 2656 28.

202 2695 247 2751 to.
281 2701 429 2764 propterea
455 2698 527 2764 qood
544 2697 605 2764 ipsu
623 2699 740 2764 actura)
777 2698 916 2766 Epicurus
936 2695 963 2748 iu
985 2701 1087 2767 quarta
1102 2691 1154 2743 doct

133 2787 273 2842 sententia
287 2787 385 2858 (Diog.
399 2789 434 2848 x,
455 2788 536 2855 1⁴02
554 2786 587 2842 ‘0
605 2786 649 2858 τῆς
661 2785 759 2859 plotus
769 2782 882 2845 alaim
898 2794 942 2841 rai
960 2780 1072 2858 ὥρισται
1088 2772 1154 2837 salsi

134 2879 222 2951 psoris
236 2879 316 2943 ἔστιν,
335 2875 349 2934 ὁ
369 2878 398 2934 δὲ
415 2878 472 2934 τῶν
486 2879 571 2935 κενῶν
589 2877 672 2945 δοξῶν
690 2879 726 2938 sis
745 2877 858 2951 ἄπειρον
879 2878 1010 2943 ἐκπίπτει,
1031 2886 1060 2930 et
1077 2874 1154 2941 iaEp

134 2971 417 3040 Menoec.(§13⁰)=
457 2971 494 3027 Tri
510 2974 560 3042 μὲν
577 2972 686 3044 portule
703 2968 757 3027 πᾶν
774 2968 930 3040 elaborastis
948 2970 1023 3031 ἔστι,
1053 2964 1085 3023 ω’
1101 2963 1154 3021 ll!

135 3059 321 3132 δυσπόριστον.
375 3064 450 3129 (cfr.
470 3065 556 3118 Tusc.
578 3067 597 3117 l.
618 3083 660 3129 c.,
686 3065 733 3117 ubi
752 3066 911 3118 tollentium
928 3068 955 3116 st
972 3078 1063 3131 graue
1080 3054 1154 3113 moal

134 3154 237 3207 Eslitur
255 3153 330 3206 enim
349 3155 432 3220 §912
451 3173 541 3224 arsque
559 3157 717 3225 uoluptates
736 3157 898 3226 singulatim
918 3160 1117 3212 extenuantur,
1146 3161 1154 3213 l

136 3262 197 3297 rasa
215 3262 321 3313 genero
338 3252 602 3329 acauroatemauat,
640 3256 765 3316 quarunt
784 3257 873 3302 tasson
891 3249 1006 3314 copiosis.
1041 3247 1099 3301 Nec
1115 3242 1154 3296 ssi

135 3341 219 3386 eatur
237 3343 265 3388 ot
283 3352 336 3386 aaa
355 3343 544 3398 contemnant,
583 3356 635 3393 nco
654 3358 708 3392 noo
726 3347 905 3394 contemnunt
932 3347 960 3393 ct
986 3340 1112 3407 paoersal
1132 3338 1154 3383 il

136 3425 323 3491 conueniunt;
354 3427 571 3491 multominus,
610 3448 669 3500 que
687 3434 892 3503 acgeneribus
911 3438 1054 3485 secuntur.
1103 3422 1154 3481 nio

136 3518 207 3571 aliisi
225 3535 296 3587 aoepo
305 3554 314 3579 ,
332 3536 387 3570 oon
405 3527 503 3573 natum
522 3538 554 3573 ca
573 3540 640 3584 cuu3
658 3525 752 3577 iuerat
774 3525 848 3577 enim
866 3524 1019 3593 scripturn:
1040 3534 1149 3591 prorsa

134 3626 202 3662 ocra
221 3616 410 3671 contemnunt,
449 3620 574 3679 quarunt
591 3621 681 3669 tameo
700 3618 814 3684 copiam.
865 3615 1033 3669 Generatim
1063 3619 1154 3666 cortes

135 3700 205 3754 bant
224 3708 252 3754 et
270 3703 469 3767 extenuabant,
488 3706 569 3759 uelut
586 3708 748 3772 obscoenas,
768 3708 842 3774 cibi,
861 3716 985 3769 ceteras3
1010 3706 1110 3759 uiuere
1126 3706 1153 3755 tr

135 3790 165 3845 ia
183 3792 310 3847 omniurn
329 3794 411 3864 copia
432 3798 586 3851 malebant.
632 3799 777 3852 Bentleius
803 3800 904 3853 uitinsn
924 3798 1064 3852 orationis
1090 3806 1154 3849 scusi

135 3898 154 3937 a
170 3884 311 3939 sententis
328 3887 489 3954 aberrauit,
529 3890 564 3943 ad
583 3906 666 3960 quam
685 3891 801 3962 propius
819 3892 938 3946 adcessit
958 3894 998 3944 Η.
1015 3887 1152 3945 ἯοΙΕασ.

134 3976 277 4029 saleccum
296 3976 365 4032 iecit
383 3981 547 4035 orationem.
602 3984 731 4035 Mosarna
749 4001 800 4037 noe
817 3986 941 4039 retinere
966 4000 1021 4035 aaa
1046 3995 1097 4035 noc
1120 3974 1154 4031 bl

134 4067 289 4125 absurdunt
308 4076 397 4139 putat.
448 4074 605 4129 Obeatum
622 4076 750 4129 criticum
760 4078 783 4144 t)
818 4077 977 4130 coniuncta
995 4073 1063 4127 huic
1079 4076 1154 4124 saatc

135 4165 226 4224 arsut,
240 4176 301 4231 qua
319 4164 354 4215 rio
369 4164 538 4235 frugalitate
557 4169 807 4238 precipiebantun
824 4167 931 4231 uirili,
948 4167 992 4220 9⁰.

207 4253 276 4323 Cap.
294 4252 372 4309 xlv.
407 4256 565 4325 iareim)
592 4261 767 4328 ignoratione
784 4276 875 4311 rausa
893 4260 1024 4311 lanarum
1041 4262 1069 4310 et
1087 4252 1154 4307 nala

135 4340 211 4409 ata.
261 4343 400 4400 Parnasso
417 4345 475 4414 Εξ,
513 4349 609 4420 Spin,
641 4352 706 4406 Bas.
725 4351 853 4411 inscitia,
890 4368 950 4419 qna
967 4344 1097 4404 facultati
1112 4341 1154 4399 alit
