2706 5018
363 363 424 431 ΕΤ
448 363 556 430 ΜΔΕ.
578 361 661 429 LlB.
686 364 717 428 ll
741 363 836 431 CAP.
861 369 910 431 le.
1120 375 1184 437 249

110 570 188 625 neret
216 572 248 623 et
280 581 368 645 equo
402 560 544 624 admisso
573 561 607 622 in
635 559 776 622 medinm
796 562 898 624 aciem
921 559 1115 627 Latinorum
1139 568 1183 629 ir·-

156 724 262 777 irrnetst)
273 726 412 781 proruebat
426 724 447 770 Is

113 884 223 944 ιιιιῑιιι,
241 897 296 933 non
315 896 383 934 rnre
402 880 463 933 siue
480 876 640 949 pronomini
666 877 872 947 interrogetiuo
889 879 1022 949 pendenti
1038 884 1098 940 siue
1116 907 1182 959 per-

113 970 190 1023 tiroie
208 979 236 1025 et
255 971 441 1026 indicetiuem
460 978 488 1026 et
507 972 716 1026 coniunctiuem
734 970 871 1035 subiecit,
899 973 977 1027 euius
995 979 1036 1032 rei
1054 984 1184 1050 exempla

117 1060 297 1117 wimannus
317 1062 445 1135 ooeiegit
463 1061 504 1131 (in
524 1065 618 1134 priore
638 1062 719 1127 edit.)
746 1080 774 1132 p.
800 1062 851 1127 11,
887 1065 1009 1120 eliorum
1035 1074 1183 1139 positurum

117 1168 188 1223 psum
211 1160 284 1208 sunt.
333 1154 428 1208 Prone
463 1154 599 1210 oretieuie
631 1154 781 1223 scriptores
812 1172 963 1224 numquam
988 1159 1019 1212 id
1043 1162 1183 1218 fecerunt.

118 1244 215 1299 {sein
234 1263 291 1300 ιιιιο
310 1246 376 1300 Liui
392 1248 473 1312 loeo,
514 1264 597 1316 quem
622 1246 751 1300 Hendies
777 1247 917 1313 (Turseli.
944 1250 987 1315 Π,
1023 1250 1088 1319 486)
1115 1254 1184 1310 citat

121 1334 174 1401 (lv,
193 1338 243 1399 le,
265 1338 320 1391 10:
356 1355 416 1412 quen
438 1346 584 1413 postquem
602 1345 666 1391 eunt
683 1339 782 1391 andito
800 1346 827 1391 et
843 1340 963 1409 nndipne
979 1343 1114 1410 primores
1130 1364 1184 1415 pn-

121 1432 173 1481 ιιι
187 1436 213 1481 et
228 1430 335 1497 prioris
351 1432 419 1483 enni
436 1433 561 1484 coneniee
578 1432 768 1499 increparent,
803 1432 875 1505 proed
894 1449 942 1484 ees
967 1434 1132 1503 largitiones
1149 1465 1184 1477 -

121 1520 178 1597 peni
193 1528 281 1573 essem
294 1523 382 1588 fieri.
419 1529 445 1574 et
461 1540 548 1575 nonos
573 1523 712 1583 eonsules,
750 1524 822 1596 qnod
848 1531 1038 1592 expectassent
1055 1555 1106 1593 -‚
1127 1535 1183 1582 tnrn

124 1608 309 1680 diluinctinr)
329 1614 510 1684 neglegentie
530 1616 651 1683 quedem
669 1613 710 1667 ite
728 1614 864 1684 seriptum
888 1624 931 1677 st,
969 1623 1078 1670 mnteto
1097 1617 1184 1673 etiem

123 1703 181 1755 serii
198 1712 341 1776 tempore,
380 1714 412 1759 nt
431 1708 466 1759 nd
486 1707 608 1759 ultorum
636 1707 758 1759 rrerbum
783 1723 838 1758 non
861 1714 1006 1780 postquem
1032 1709 1183 1778 pertinent,

124 1794 169 1859 nd,
182 1799 252 1865 qnod
270 1795 411 1851 sententie
427 1799 569 1866 postulet,
583 1815 678 1872 quom,
697 1797 781 1866 idque
799 1814 815 1848 e
831 1804 976 1871 postquem
993 1798 1185 1869 intellegendo

126 1896 222 1941 metm.
257 1892 331 1943 Nem
347 1896 493 1958 postpnern
513 1889 610 1942 audito
624 1890 677 1942 iile
695 1893 776 1952 erret,
795 1904 873 1961 pnom
893 1888 1037 1956 Quinctius
1056 1892 1185 1945 enimed·

126 1986 220 2035 meret
240 1983 372 2035 eonsules
389 1980 546 2049 increpari,
574 1979 667 2033 dicere
686 1979 786 2049 eoepit.
828 1986 860 2032 In
881 1981 937 2033 hoc
956 1986 1051 2034 etitem
1071 1983 1184 2038 Cicero-

126 2066 220 2127 t'sioto
239 2075 313 2127 nihil
333 2073 471 2125 eiusmodi
488 2078 523 2137 et,
540 2073 588 2124 sod
605 2089 663 2125 nee
681 2078 709 2125 et
726 2072 845 2144 simplex
866 2073 1000 2141 temperis
1016 2075 1184 2145 significatio

108 2158 324 2239 ,bmomeetm
350 2182 406 2234 qno
425 2180 455 2215 se
472 2164 652 2217 deuoueret
644 2180 702 2216 rem
721 2170 749 2217 et
769 2165 896 2218 irruebat
917 2165 1186 2231 dre).1t'isiiorte

108 2250 195 2310 ditoni
214 2258 371 2321 credimus,
409 2273 488 2331 poorn
506 2255 669 2308 huiusmodi
687 2255 749 2309 leco
768 2256 854 2310 simul
874 2266 902 2311 et
920 2260 1048 2312 censendo
1067 2266 1094 2311 et
1113 2267 1185 2313 tem-

108 2324 283 2416 iprrieesse,
302 2356 331 2403 et
349 2350 407 2401 hec
427 2347 507 2402 uoltis
525 2348 665 2401 sententie
682 2349 792 2416 plumes
812 2367 876 2401 nom
895 2367 943 2413 eo,
964 2352 1035 2423 prend
1055 2368 1084 2403 se
1100 2353 1184 2404 derso-

125 2439 197 2506 sse
220 2444 254 2495 de
274 2441 463 2508 nelnptotitme
481 2441 539 2491 ersis
558 2439 726 2508 cogitabat?
761 2442 833 2494 Nem
852 2442 924 2512 quod
944 2442 1074 2495 liendius
1094 2445 1128 2510 (1.
1148 2449 1184 2511 ι.)

125 2520 291 2586 hdenoueret
307 2532 368 2586 uoti
390 2539 418 2584 et
438 2534 596 2586 uoluntatis
614 2532 879 2603 significationem
871 2550 961 2586 merse
980 2540 1075 2603 putet,
1094 2533 1121 2587 ie
1141 2537 1184 2588 el-

108 2622 231 2677 vitrsrern
248 2626 387 2678 ecfertum
403 2624 537 2694 intelligi,
557 2625 659 2678 Gzium
671 2643 798 2695 sequens,
816 2630 950 2678 uoueret
969 2626 1052 2692 iliud,
1072 2634 1103 2681 ut
1120 2647 1185 2682 mor

125 2708 204 2779 dium,
220 2723 330 2781 notum,
350 2719 397 2770 sed
417 2735 461 2771 res
479 2719 565 2769 tecte.
603 2718 640 2770 Et
658 2716 719 2787 quis
739 2717 867 2786 ignorat,
904 2717 958 2769 hec
976 2717 1085 2786 ipsum,
1104 2719 1133 2771 iu
1153 2738 1185 2773 ee

126 2814 168 2857 he
182 2806 295 2878 aliquid,
319 2818 352 2862 ut
370 2811 440 2874 fiat,
459 2809 554 2863 addito
570 2826 664 2883 quom,
684 2809 809 2861 minume
828 2806 1004 2861 coniunctiue
1023 2807 1187 2877 significari,

127 2896 161 2949 ΙΙ
177 2900 262 2954 inesse
290 2901 319 2954 in
344 2902 404 2972 ipse
428 2901 578 2970 inperfecti
605 2900 719 2954 notione
745 2901 818 2969 npnd
840 2896 979 2951 Latinos?
1015 2900 1134 2952 ddoedit
1152 2901 1186 2953 ed

126 2988 411 3061 ssiperuersitetem
436 2993 582 3062 temporis.
616 2995 716 3064 Neque
735 2992 827 3055 enim,
864 2992 938 3061 qnod
957 2990 1044 3044 (inies
1062 2997 1089 3043 et
1105 2992 1186 3045 lien-

108 3072 169 3135 iii!
182 3082 319 3155 ceterique
339 3088 455 3155 putent,
473 3092 534 3138 tum
554 3085 669 3137 demum
687 3083 904 3147 denunciatio,
924 3098 975 3135 uec
994 3083 1106 3135 deuotio
1126 3091 1188 3137 eret

108 3142 253 3240 huone
275 3176 346 3241 sed,
364 3182 395 3229 ut
414 3176 544 3230 Deuisies
564 3194 579 3229 e
598 3176 661 3229 ein.
681 3178 757 3240 vlu,
776 3173 962 3237 dintellerit,
982 3183 1043 3227 eret
1062 3173 1118 3227 iem
1138 3177 1186 3227 do·

132 3266 186 3319 ΙΙιι
201 3266 339 3337 perlitis-is
364 3265 489 3320 carmine
511 3275 540 3321 et
556 3268 688 3324 sollemni
707 3267 780 3333 ritu,
810 3285 900 3337 noque
920 3267 1004 3319 eliter
1024 3266 1186 3323 ciceronem

131 3344 182 3423 hi
196 3366 243 3413 snt
260 3359 341 3415 notio
360 3358 447 3413 enimi
465 3368 516 3413 ent
532 3378 607 3427 1ιιιιιι
627 3362 747 3414 sinebat.
787 3361 848 3413 Nou
868 3358 970 3423 neseio,
989 3377 1079 3429 nuper
1099 3360 1126 3412 iu
1140 3360 1187 3413 Ci-

130 3451 208 3505 ιΙιιίι
227 3452 359 3508 pretione
386 3470 438 3524 pro
467 3454 550 3505 Rene.
582 3454 678 3506 dmer.
696 3453 731 3506 ot
755 3452 862 3505 editum
882 3468 941 3503 esse
968 3458 996 3503 ot
1022 3452 1185 3505 detonsum:

118 3546 183 3609 ‘P'
196 3561 280 3619 seque
298 3561 395 3597 seruos
413 3546 555 3620 quispiane
574 3544 844 3613 reperiebatur
860 3560 945 3617 neque
966 3545 1043 3605 liber,
1062 3545 1187 3612 edqnern

116 3640 150 3683 Ἰ
165 3638 277 3706 respicio
300 3638 470 3707 pertineret,
506 3638 536 3690 id
561 3637 653 3689 oetotis
678 3642 769 3687 erstem
794 3636 848 3688 dno
867 3637 928 3702 fite·
944 3664 978 3675 -
998 3637 1187 3697 dicerent,

111 3710 249 3793 'hirmino
267 3728 356 3783 etiem
373 3737 437 3801 pest
461 3748 541 3804 quom
564 3730 592 3782 iu
610 3727 760 3782 meniieete
786 3745 889 3782 enimse
914 3726 1120 3799 significatione
1136 3744 1186 3795 pe·

108 3798 175 3883 iffi,
204 3821 359 3892 probatum
379 3822 483 3883 etism,
503 3823 576 3892 quod
596 3838 649 3890 ego
668 3819 777 3891 primur
795 3821 959 3873 mendosum
979 3837 1038 3872 esse
1059 3820 1187 3871 ostonde·

108 3892 173 3977 Ι1,
183 3910 239 3969 ite.
257 3914 310 3969 etz
329 3914 379 3989 qni
387 3930 442 3966 non
451 3914 530 3967 enode
542 3913 636 3965 Reme
648 3913 718 3977 snit,
737 3912 785 3963 sed
798 3912 905 3963 omnino
923 3939 958 3950 —
971 3912 1097 3964 nesciret.
1132 3911 1187 3963 Sed

114 4000 196 4059 dne
211 4006 285 4063 nihil
302 4006 372 4061 illes
389 4006 622 4061 soloecismorum
648 4003 825 4057 detensiones
847 4003 991 4074 pertinere
1016 4009 1094 4075 puto.
1155 4004 1187 4055 ld

111 4088 151 4147 fle
163 4096 239 4155 Ιιιιιι
256 4116 314 4155 nen
334 4096 486 4169 permittit,
503 4096 589 4150 etde
606 4096 690 4149 medo
708 4094 791 4147 uerbi
809 4094 838 4148 ie
857 4094 892 4149 iis
909 4095 1055 4150 sententiis
1072 4101 1189 4167 propter

108 4182 190 4245 tun
212 4188 433 4265 signideetionis
458 4187 672 4243 inclinetionem
697 4186 809 4241 uerieto
835 4186 943 4251 dicem,
982 4207 1042 4271 que
1067 4185 1188 4254 repetite
1286 4254 1297 4269 ἰ

108 4282 293 4341 mee-no
311 4288 367 4339 net
384 4279 446 4337 slto
462 4280 548 4336 medo
566 4297 600 4333 ex
620 4297 697 4351 equo
715 4284 875 4351 ponentur,
912 4286 944 4333 ut
960 4297 1012 4352 pre
1031 4280 1113 4331 Rom.
1135 4275 1189 4327 Go-

108 4376 185 4434 ued.
202 4378 221 4431 d
237 4376 330 4453 (qued
349 4402 385 4415 -
409 4374 524 4435 tinent,
560 4374 591 4426 id
608 4401 642 4413 -
661 4373 735 4448 pnod
752 4400 787 4413 -
804 4372 911 4432 notoit,
936 4372 975 4433 id)
1002 4375 1030 4421 et
1056 4366 1113 4418 ino.
1137 4364 1189 4427 453
