<?xml version="1.0" encoding="UTF-8"?>
<!DOCTYPE html PUBLIC "-//W3C//DTD XHTML 1.0 Transitional//EN"
    "http://www.w3.org/TR/xhtml1/DTD/xhtml1-transitional.dtd">
<html xmlns="http://www.w3.org/1999/xhtml" xml:lang="en" lang="en">
 <head>
  <title>
</title>
<meta http-equiv="Content-Type" content="text/html;charset=utf-8" />
  <meta name='ocr-system' content='tesseract 3.04.00' />
  <meta name='ocr-capabilities' content='ocr_page ocr_carea ocr_par ocr_line ocrx_word'/>
</head>
<body>
  <div class='ocr_page' id='page_1' title='image "./mtulliciceronis00madvgoog_0131.png"; bbox 0 0 2706 5018; ppageno 0'>
   <div class='ocr_carea' id='block_1_1' title="bbox 226 112 965 182">
    <p class='ocr_par' dir='ltr' id='par_1_1' title="bbox 226 112 965 182">
     <span class='ocr_line' id='line_1_1' title="bbox 226 112 965 182; baseline 0 -3"><span class='ocrx_word' id='word_1_1' title='bbox 226 118 268 179; x_wconf 73' lang='lat'><strong>52</strong></span> <span class='ocrx_word' id='word_1_2' title='bbox 580 114 639 179; x_wconf 85' lang='lat' dir='ltr'><strong>DE</strong></span> <span class='ocrx_word' id='word_1_3' title='bbox 662 112 840 182; x_wconf 77' lang='lat' dir='ltr'>FINIBUS</span> <span class='ocrx_word' id='word_1_4' title='bbox 862 113 965 182; x_wconf 68' lang='lat' dir='ltr'><strong>Bon.</strong></span> 
     </span>
    </p>
   </div>
   <div class='ocr_carea' id='block_1_2' title="bbox 223 304 1348 1041">
    <p class='ocr_par' dir='ltr' id='par_1_2' title="bbox 223 304 1348 1041">
     <span class='ocr_line' id='line_1_2' title="bbox 228 304 1338 396; baseline 0 -23"><span class='ocrx_word' id='word_1_5' title='bbox 228 331 263 372; x_wconf 87' lang='lat' dir='ltr'><strong>se</strong></span> <span class='ocrx_word' id='word_1_6' title='bbox 285 310 385 373; x_wconf 88' lang='lat' dir='ltr'><strong>etiam</strong></span> <span class='ocrx_word' id='word_1_7' title='bbox 408 307 538 370; x_wconf 89' lang='lat' dir='ltr'><strong>uidetur</strong></span> <span class='ocrx_word' id='word_1_8' title='bbox 559 307 671 372; x_wconf 83' lang='lat' dir='ltr'><strong>multia</strong></span> <span class='ocrx_word' id='word_1_9' title='bbox 693 309 939 395; x_wconf 89' lang='lat' dir='ltr'><strong>uoluptatibus,</strong></span> <span class='ocrx_word' id='word_1_10' title='bbox 977 331 1076 396; x_wconf 88' lang='lat' dir='ltr'><strong>quom</strong></span> <span class='ocrx_word' id='word_1_11' title='bbox 1099 311 1165 396; x_wconf 82' lang='lat' dir='ltr'><strong>ipsi</strong></span> <span class='ocrx_word' id='word_1_12' title='bbox 1185 320 1240 373; x_wconf 88' lang='lat' dir='ltr'><strong>nat</strong></span> <span class='ocrx_word' id='word_1_13' title='bbox 1326 304 1338 321; x_wconf 83' lang='grc'><em>“</em></span> 
     </span>
     <span class='ocr_line' id='line_1_3' title="bbox 227 412 1348 501; baseline 0 -23"><span class='ocrx_word' id='word_1_14' title='bbox 227 416 397 501; x_wconf 87' lang='lat' dir='ltr'><strong>patrioque</strong></span> <span class='ocrx_word' id='word_1_15' title='bbox 425 414 529 476; x_wconf 87' lang='lat' dir='ltr'><strong>amori</strong></span> <span class='ocrx_word' id='word_1_16' title='bbox 560 413 753 498; x_wconf 88' lang='lat' dir='ltr'><strong>praetulerit</strong></span> <span class='ocrx_word' id='word_1_17' title='bbox 780 418 832 479; x_wconf 85' lang='lat' dir='ltr'><strong>ius</strong></span> <span class='ocrx_word' id='word_1_18' title='bbox 863 418 1047 483; x_wconf 84' lang='lat' dir='ltr'><strong>maiestatis</strong></span> <span class='ocrx_word' id='word_1_19' title='bbox 1070 427 1169 500; x_wconf 86' lang='lat' dir='ltr'><strong>etque</strong></span> <span class='ocrx_word' id='word_1_20' title='bbox 1190 416 1315 499; x_wconf 74' lang='lat' dir='ltr'><strong>iopen.</strong></span> <span class='ocrx_word' id='word_1_21' title='bbox 1341 412 1348 497; x_wconf 61' lang='grc' dir='ltr'><strong>ς’</strong></span> 
     </span>
     <span class='ocr_line' id='line_1_4' title="bbox 225 516 1329 607; baseline 0.002 -24"><span class='ocrx_word' id='word_1_22' title='bbox 225 524 278 583; x_wconf 72' lang='lat'><strong>24.</strong></span> <span class='ocrx_word' id='word_1_23' title='bbox 303 518 412 596; x_wconf 73' lang='lat' dir='ltr'><strong>Quid?</strong></span> <span class='ocrx_word' id='word_1_24' title='bbox 441 517 482 581; x_wconf 87' lang='grc' dir='ltr'><strong>Τ.</strong></span> <span class='ocrx_word' id='word_1_25' title='bbox 508 516 715 603; x_wconf 80' lang='lat' dir='ltr'><strong>Torquatus,</strong></span> <span class='ocrx_word' id='word_1_26' title='bbox 747 523 798 594; x_wconf 89' lang='lat' dir='ltr'><strong>is,</strong></span> <span class='ocrx_word' id='word_1_27' title='bbox 822 525 877 607; x_wconf 89' lang='lat' dir='ltr'><strong>qni</strong></span> <span class='ocrx_word' id='word_1_28' title='bbox 902 521 1018 586; x_wconf 89' lang='lat' dir='ltr'><strong>consui</strong></span> <span class='ocrx_word' id='word_1_29' title='bbox 1042 544 1113 586; x_wconf 91' lang='lat' dir='ltr'><strong>cum</strong></span> <span class='ocrx_word' id='word_1_30' title='bbox 1136 518 1196 584; x_wconf 87' lang='lat' dir='ltr'><strong>Cn.</strong></span> <span class='ocrx_word' id='word_1_31' title='bbox 1218 518 1329 585; x_wconf 76' lang='lat' dir='ltr'><strong>our--</strong></span> 
     </span>
     <span class='ocr_line' id='line_1_5' title="bbox 225 622 1336 711; baseline -0.001 -23"><span class='ocrx_word' id='word_1_32' title='bbox 225 629 281 688; x_wconf 92' lang='lat' dir='ltr'><strong>uio</strong></span> <span class='ocrx_word' id='word_1_33' title='bbox 312 627 392 704; x_wconf 86' lang='lat' dir='ltr'><strong>luit,</strong></span> <span class='ocrx_word' id='word_1_34' title='bbox 439 647 535 711; x_wconf 89' lang='lat' dir='ltr'><strong>quom</strong></span> <span class='ocrx_word' id='word_1_35' title='bbox 562 623 653 688; x_wconf 88' lang='lat' dir='ltr'><strong>illam</strong></span> <span class='ocrx_word' id='word_1_36' title='bbox 684 629 893 691; x_wconf 88' lang='lat' dir='ltr'><strong>seueritatem</strong></span> <span class='ocrx_word' id='word_1_37' title='bbox 923 631 958 690; x_wconf 93' lang='lat' dir='ltr'><strong>in</strong></span> <span class='ocrx_word' id='word_1_38' title='bbox 990 650 1029 691; x_wconf 87' lang='lat' dir='ltr'><strong>eo</strong></span> <span class='ocrx_word' id='word_1_39' title='bbox 1059 626 1130 691; x_wconf 91' lang='lat' dir='ltr'><strong>filio</strong></span> <span class='ocrx_word' id='word_1_40' title='bbox 1160 622 1303 701; x_wconf 75' lang='lat' dir='ltr'><strong>adhibuit,</strong></span> <span class='ocrx_word' id='word_1_41' title='bbox 1331 668 1336 675; x_wconf 87' lang='lat'><strong>·</strong></span> 
     </span>
     <span class='ocr_line' id='line_1_6' title="bbox 227 684 1348 818; baseline -0.001 -26"><span class='ocrx_word' id='word_1_42' title='bbox 227 754 321 816; x_wconf 86' lang='lat' dir='ltr'><strong>quern</strong></span> <span class='ocrx_word' id='word_1_43' title='bbox 347 734 380 793; x_wconf 93' lang='lat' dir='ltr'><strong>in</strong></span> <span class='ocrx_word' id='word_1_44' title='bbox 404 731 612 817; x_wconf 86' lang='lat' dir='ltr'><strong>adoptionem</strong></span> <span class='ocrx_word' id='word_1_45' title='bbox 636 731 679 805; x_wconf 90' lang='lat' dir='ltr'><strong>D.</strong></span> <span class='ocrx_word' id='word_1_46' title='bbox 705 731 819 796; x_wconf 88' lang='lat' dir='ltr'><strong>Silano</strong></span> <span class='ocrx_word' id='word_1_47' title='bbox 843 734 1127 818; x_wconf 89' lang='lat' dir='ltr'><strong>enrancipauerat‚</strong></span> <span class='ocrx_word' id='word_1_48' title='bbox 1172 741 1208 792; x_wconf 92' lang='lat' dir='ltr'><strong>ut</strong></span> <span class='ocrx_word' id='word_1_49' title='bbox 1227 748 1299 805; x_wconf 75' lang='lat' dir='ltr'><strong>eun,</strong></span> <span class='ocrx_word' id='word_1_50' title='bbox 1333 684 1348 761; x_wconf 61' lang='lat' dir='ltr'><strong>i</strong></span> 
     </span>
     <span class='ocr_line' id='line_1_7' title="bbox 223 760 1348 941; baseline -0.002 -42"><span class='ocrx_word' id='word_1_51' title='bbox 223 835 441 901; x_wconf 85' lang='lat' dir='ltr'><strong>Macedonum</strong></span> <span class='ocrx_word' id='word_1_52' title='bbox 461 834 582 922; x_wconf 84' lang='lat' dir='ltr'><strong>legatis</strong></span> <span class='ocrx_word' id='word_1_53' title='bbox 606 828 855 915; x_wconf 83' lang='lat' dir='ltr'><strong>accusantibus,</strong></span> <span class='ocrx_word' id='word_1_54' title='bbox 896 838 983 922; x_wconf 88' lang='lat' dir='ltr'><strong>quod</strong></span> <span class='ocrx_word' id='word_1_55' title='bbox 1007 839 1164 923; x_wconf 80' lang='lat' dir='ltr'><strong>pecunias</strong></span> <span class='ocrx_word' id='word_1_56' title='bbox 1187 846 1297 922; x_wconf 85' lang='lat' dir='ltr'><strong>praete·</strong></span> <span class='ocrx_word' id='word_1_57' title='bbox 1336 760 1348 941; x_wconf 60' lang='lat' dir='ltr'><strong>i</strong></span> 
     </span>
     <span class='ocr_line' id='line_1_8' title="bbox 224 936 1348 1041; baseline -0.004 -36"><span class='ocrx_word' id='word_1_58' title='bbox 224 964 292 1007; x_wconf 89' lang='lat' dir='ltr'><strong>rem</strong></span> <span class='ocrx_word' id='word_1_59' title='bbox 317 946 349 1006; x_wconf 90' lang='lat' dir='ltr'><strong>in</strong></span> <span class='ocrx_word' id='word_1_60' title='bbox 373 944 541 1025; x_wconf 91' lang='lat' dir='ltr'><strong>prouincia</strong></span> <span class='ocrx_word' id='word_1_61' title='bbox 566 945 690 1023; x_wconf 81' lang='lat' dir='ltr'><strong>cepisse</strong></span> <span class='ocrx_word' id='word_1_62' title='bbox 710 956 904 1028; x_wconf 83' lang='lat' dir='ltr'><strong>arguerent,</strong></span> <span class='ocrx_word' id='word_1_63' title='bbox 930 964 1077 1007; x_wconf 85' lang='lat' dir='ltr'><strong>caussam</strong></span> <span class='ocrx_word' id='word_1_64' title='bbox 1100 943 1186 1025; x_wconf 91' lang='lat' dir='ltr'><strong>apud</strong></span> <span class='ocrx_word' id='word_1_65' title='bbox 1208 962 1240 1004; x_wconf 84' lang='lat' dir='ltr'><strong>se</strong></span> <span class='ocrx_word' id='word_1_66' title='bbox 1257 936 1298 1001; x_wconf 90' lang='lat' dir='ltr'><strong>di·</strong></span> <span class='ocrx_word' id='word_1_67' title='bbox 1323 948 1348 1041; x_wconf 55' lang='grc' dir='ltr'><em>Ξ</em></span> 
     </span>
    </p>
   </div>
   <div class='ocr_carea' id='block_1_3' title="bbox 224 1044 1348 1134">
    <p class='ocr_par' dir='ltr' id='par_1_3' title="bbox 224 1044 1348 1134">
     <span class='ocr_line' id='line_1_9' title="bbox 224 1044 1348 1134; baseline 0 -23"><span class='ocrx_word' id='word_1_68' title='bbox 224 1047 297 1112; x_wconf 84' lang='lat' dir='ltr'><strong>c&#39;ere</strong></span> <span class='ocrx_word' id='word_1_69' title='bbox 318 1049 464 1125; x_wconf 90' lang='lat' dir='ltr'><strong>iuberet,</strong></span> <span class='ocrx_word' id='word_1_70' title='bbox 494 1070 593 1132; x_wconf 92' lang='lat' dir='ltr'><strong>reque</strong></span> <span class='ocrx_word' id='word_1_71' title='bbox 614 1069 660 1111; x_wconf 83' lang='lat' dir='ltr'><strong>ex</strong></span> <span class='ocrx_word' id='word_1_72' title='bbox 685 1064 822 1134; x_wconf 88' lang='lat' dir='ltr'><strong>utraque</strong></span> <span class='ocrx_word' id='word_1_73' title='bbox 846 1063 938 1133; x_wconf 90' lang='lat' dir='ltr'><strong>parte</strong></span> <span class='ocrx_word' id='word_1_74' title='bbox 962 1048 1092 1126; x_wconf 90' lang='lat' dir='ltr'><strong>audita,</strong></span> <span class='ocrx_word' id='word_1_75' title='bbox 1127 1044 1298 1133; x_wconf 84' lang='lat' dir='ltr'><strong>pronuntia·</strong></span> <span class='ocrx_word' id='word_1_76' title='bbox 1341 1046 1348 1111; x_wconf 75' lang='lat'><strong>³.</strong></span> 
     </span>
    </p>
   </div>
   <div class='ocr_carea' id='block_1_4' title="bbox 1341 1114 1348 1187">
    <p class='ocr_par' dir='ltr' id='par_1_4' title="bbox 1341 1114 1348 1187">
     <span class='ocr_line' id='line_1_10' title="bbox 1341 1114 1348 1187; baseline 0 0"><span class='ocrx_word' id='word_1_77' title='bbox 1341 1114 1348 1187; x_wconf 80' lang='lat' dir='ltr'><strong>i</strong></span> 
     </span>
    </p>
   </div>
   <div class='ocr_carea' id='block_1_5' title="bbox 222 1220 1304 1437">
    <p class='ocr_par' dir='ltr' id='par_1_5' title="bbox 222 1220 1304 1437">
     <span class='ocr_line' id='line_1_11' title="bbox 276 1220 1303 1288; baseline 0.001 -15"><span class='ocrx_word' id='word_1_78' title='bbox 276 1230 355 1282; x_wconf 83' lang='lat' dir='ltr'><strong>etlam)</strong></span> <span class='ocrx_word' id='word_1_79' title='bbox 367 1237 391 1273; x_wconf 82' lang='lat' dir='ltr'><strong>ct</strong></span> <span class='ocrx_word' id='word_1_80' title='bbox 404 1229 425 1272; x_wconf 79' lang='lat' dir='ltr'>R</span> <span class='ocrx_word' id='word_1_81' title='bbox 480 1230 612 1286; x_wconf 86' lang='lat' dir='ltr'><strong>patrioque)</strong></span> <span class='ocrx_word' id='word_1_82' title='bbox 622 1232 704 1286; x_wconf 72' lang='lat' dir='ltr'><strong>patrio</strong></span> <span class='ocrx_word' id='word_1_83' title='bbox 720 1244 813 1288; x_wconf 82' lang='lat' dir='ltr'><strong>quoque</strong></span> <span class='ocrx_word' id='word_1_84' title='bbox 827 1232 917 1275; x_wconf 75' lang='lat' dir='ltr'><strong>emon</strong></span> <span class='ocrx_word' id='word_1_85' title='bbox 927 1232 1055 1288; x_wconf 79' lang='lat' dir='ltr'><strong>prioreque</strong></span> <span class='ocrx_word' id='word_1_86' title='bbox 1068 1231 1088 1276; x_wconf 79' lang='lat' dir='ltr'>L</span> <span class='ocrx_word' id='word_1_87' title='bbox 1177 1231 1211 1275; x_wconf 66' lang='lat' dir='ltr'><strong>ll·</strong></span> <span class='ocrx_word' id='word_1_88' title='bbox 1229 1228 1262 1281; x_wconf 76' lang='grc' dir='ltr'><strong>Τ.)</strong></span> <span class='ocrx_word' id='word_1_89' title='bbox 1271 1220 1303 1269; x_wconf 70' lang='lat'><strong>1⁰·</strong></span> 
     </span>
     <span class='ocr_line' id='line_1_12' title="bbox 222 1305 1304 1364; baseline 0.001 -15"><span class='ocrx_word' id='word_1_90' title='bbox 222 1318 303 1350; x_wconf 85' lang='lat' dir='ltr'><strong>omues</strong></span> <span class='ocrx_word' id='word_1_91' title='bbox 341 1306 397 1359; x_wconf 79' lang='lat' dir='ltr'><strong>(lu.)</strong></span> <span class='ocrx_word' id='word_1_92' title='bbox 411 1306 459 1350; x_wconf 77' lang='lat' dir='ltr'><strong>CL</strong></span> <span class='ocrx_word' id='word_1_93' title='bbox 497 1306 897 1364; x_wconf 66' lang='lat' dir='ltr'><strong>emancipsneratmenes&#39;praretc</strong></span> <span class='ocrx_word' id='word_1_94' title='bbox 931 1308 1052 1364; x_wconf 79' lang='lat' dir='ltr'><strong>pecunias)</strong></span> <span class='ocrx_word' id='word_1_95' title='bbox 1063 1305 1228 1364; x_wconf 72' lang='lat' dir='ltr'><strong>pecuateerlr</strong></span> <span class='ocrx_word' id='word_1_96' title='bbox 1254 1310 1304 1359; x_wconf 71' lang='lat' dir='ltr'><strong>pt·-</strong></span> 
     </span>
     <span class='ocr_line' id='line_1_13' title="bbox 223 1381 594 1437; baseline 0.008 -14"><span class='ocrx_word' id='word_1_97' title='bbox 223 1381 352 1435; x_wconf 82' lang='lat' dir='ltr'><strong>nuntiaret)</strong></span> <span class='ocrx_word' id='word_1_98' title='bbox 372 1383 594 1437; x_wconf 68' lang='lat' dir='ltr'><strong>pronuntiassem</strong></span> 
     </span>
    </p>
   </div>
   <div class='ocr_carea' id='block_1_6' title="bbox 217 1547 1331 4183">
    <p class='ocr_par' dir='ltr' id='par_1_6' title="bbox 218 1547 1321 1876">
     <span class='ocr_line' id='line_1_14' title="bbox 223 1547 1312 1618; baseline 0.002 -21"><span class='ocrx_word' id='word_1_99' title='bbox 223 1547 351 1611; x_wconf 74' lang='lat' dir='ltr'><strong>erficere,</strong></span> <span class='ocrx_word' id='word_1_100' title='bbox 371 1547 537 1604; x_wconf 81' lang='lat' dir='ltr'><strong>Ciceronem</strong></span> <span class='ocrx_word' id='word_1_101' title='bbox 557 1557 585 1602; x_wconf 91' lang='lat' dir='ltr'><strong>et</strong></span> <span class='ocrx_word' id='word_1_102' title='bbox 604 1549 718 1601; x_wconf 84' lang='lat' dir='ltr'><strong>Liuium</strong></span> <span class='ocrx_word' id='word_1_103' title='bbox 736 1547 775 1601; x_wconf 85' lang='lat' dir='ltr'><strong>sic</strong></span> <span class='ocrx_word' id='word_1_104' title='bbox 793 1549 906 1601; x_wconf 78' lang='lat' dir='ltr'><strong>dicere:</strong></span> <span class='ocrx_word' id='word_1_105' title='bbox 928 1548 1001 1618; x_wconf 86' lang='lat' dir='ltr'><strong>quod</strong></span> <span class='ocrx_word' id='word_1_106' title='bbox 1019 1548 1128 1599; x_wconf 79' lang='lat' dir='ltr'><strong>demam</strong></span> <span class='ocrx_word' id='word_1_107' title='bbox 1146 1561 1227 1610; x_wconf 75' lang='grc' dir='ltr'><strong>αισι,</strong></span> <span class='ocrx_word' id='word_1_108' title='bbox 1239 1556 1312 1613; x_wconf 68' lang='grc' dir='ltr'><strong>μ’</strong></span> 
     </span>
     <span class='ocr_line' id='line_1_15' title="bbox 224 1633 1315 1709; baseline 0 -20"><span class='ocrx_word' id='word_1_109' title='bbox 224 1646 280 1691; x_wconf 81' lang='lat' dir='ltr'><strong>tans</strong></span> <span class='ocrx_word' id='word_1_110' title='bbox 298 1639 368 1693; x_wconf 79' lang='lat' dir='ltr'><strong>milri</strong></span> <span class='ocrx_word' id='word_1_111' title='bbox 387 1647 436 1693; x_wconf 82' lang='lat' dir='ltr'><strong>ert.</strong></span> <span class='ocrx_word' id='word_1_112' title='bbox 464 1643 494 1694; x_wconf 93' lang='lat' dir='ltr'><strong>ln</strong></span> <span class='ocrx_word' id='word_1_113' title='bbox 511 1642 619 1694; x_wconf 68' lang='lat' dir='ltr'><strong>illinet</strong></span> <span class='ocrx_word' id='word_1_114' title='bbox 640 1641 684 1695; x_wconf 87' lang='lat' dir='ltr'><strong>ed.</strong></span> <span class='ocrx_word' id='word_1_115' title='bbox 703 1646 731 1694; x_wconf 92' lang='lat' dir='ltr'><strong>et</strong></span> <span class='ocrx_word' id='word_1_116' title='bbox 746 1641 856 1709; x_wconf 91' lang='lat' dir='ltr'><strong>aliquot</strong></span> <span class='ocrx_word' id='word_1_117' title='bbox 874 1639 1006 1708; x_wconf 74' lang='lat' dir='ltr'><strong>deinceps</strong></span> <span class='ocrx_word' id='word_1_118' title='bbox 1024 1633 1224 1707; x_wconf 77' lang='lat' dir='ltr'><strong>transpositam</strong></span> <span class='ocrx_word' id='word_1_119' title='bbox 1235 1638 1315 1689; x_wconf 73' lang='lat' dir='ltr'><strong>erst=</strong></span> 
     </span>
     <span class='ocr_line' id='line_1_16' title="bbox 218 1724 1321 1800; baseline -0.001 -18"><span class='ocrx_word' id='word_1_120' title='bbox 218 1731 311 1795; x_wconf 84' lang='lat' dir='ltr'><strong>filiam</strong></span> <span class='ocrx_word' id='word_1_121' title='bbox 331 1734 508 1800; x_wconf 77' lang='lat' dir='ltr'><strong>percusserit.</strong></span> <span class='ocrx_word' id='word_1_122' title='bbox 544 1729 673 1785; x_wconf 73' lang='lat' dir='ltr'><strong>Correxit</strong></span> <span class='ocrx_word' id='word_1_123' title='bbox 691 1732 761 1784; x_wconf 86' lang='lat' dir='ltr'><strong>Dau.</strong></span> <span class='ocrx_word' id='word_1_124' title='bbox 782 1749 797 1784; x_wconf 86' lang='lat' dir='ltr'><strong>a</strong></span> <span class='ocrx_word' id='word_1_125' title='bbox 816 1730 939 1800; x_wconf 88' lang='lat' dir='ltr'><strong>quinque</strong></span> <span class='ocrx_word' id='word_1_126' title='bbox 955 1730 1047 1794; x_wconf 69' lang='lat' dir='ltr'><strong>codd„</strong></span> <span class='ocrx_word' id='word_1_127' title='bbox 1066 1729 1154 1783; x_wconf 81' lang='lat' dir='ltr'><strong>Gaius</strong></span> <span class='ocrx_word' id='word_1_128' title='bbox 1173 1746 1205 1783; x_wconf 82' lang='lat' dir='ltr'><strong>ex</strong></span> <span class='ocrx_word' id='word_1_129' title='bbox 1222 1724 1321 1783; x_wconf 60' lang='lat' dir='ltr'><strong>enei*</strong></span> 
     </span>
     <span class='ocr_line' id='line_1_17' title="bbox 224 1823 364 1876; baseline 0.021 -3"><span class='ocrx_word' id='word_1_130' title='bbox 224 1823 277 1875; x_wconf 83' lang='lat' dir='ltr'><strong>bus</strong></span> <span class='ocrx_word' id='word_1_131' title='bbox 295 1824 364 1876; x_wconf 77' lang='lat' dir='ltr'><strong>esis.</strong></span> 
     </span>
    </p>

    <p class='ocr_par' dir='ltr' id='par_1_7' title="bbox 220 1911 1331 2260">
     <span class='ocr_line' id='line_1_18' title="bbox 291 1911 1323 1984; baseline 0 -20"><span class='ocrx_word' id='word_1_132' title='bbox 291 1913 335 1965; x_wconf 76' lang='lat'><strong>21.</strong></span> <span class='ocrx_word' id='word_1_133' title='bbox 375 1913 407 1966; x_wconf 81' lang='grc' dir='ltr'><strong>Τ.</strong></span> <span class='ocrx_word' id='word_1_134' title='bbox 430 1911 604 1984; x_wconf 80' lang='lat' dir='ltr'><strong>Torquatus)</strong></span> <span class='ocrx_word' id='word_1_135' title='bbox 637 1915 743 1966; x_wconf 84' lang='lat' dir='ltr'><strong>Uerum</strong></span> <span class='ocrx_word' id='word_1_136' title='bbox 762 1930 920 1981; x_wconf 82' lang='lat' dir='ltr'><strong>prenomen</strong></span> <span class='ocrx_word' id='word_1_137' title='bbox 942 1913 1070 1983; x_wconf 87' lang='lat' dir='ltr'><strong>plurium</strong></span> <span class='ocrx_word' id='word_1_138' title='bbox 1087 1911 1249 1968; x_wconf 76' lang='lat' dir='ltr'><strong>coniectura</strong></span> <span class='ocrx_word' id='word_1_139' title='bbox 1263 1924 1323 1964; x_wconf 76' lang='grc' dir='ltr'><strong>ιν</strong></span> 
     </span>
     <span class='ocr_line' id='line_1_19' title="bbox 222 2003 1327 2081; baseline 0.002 -24"><span class='ocrx_word' id='word_1_140' title='bbox 222 2006 370 2069; x_wconf 80' lang='lat' dir='ltr'><strong>stitutam3</strong></span> <span class='ocrx_word' id='word_1_141' title='bbox 390 2021 455 2058; x_wconf 87' lang='lat' dir='ltr'><strong>narn</strong></span> <span class='ocrx_word' id='word_1_142' title='bbox 474 2005 556 2058; x_wconf 87' lang='lat' dir='ltr'><strong>codd.</strong></span> <span class='ocrx_word' id='word_1_143' title='bbox 578 2005 664 2058; x_wconf 86' lang='lat' dir='ltr'><strong>ctiam</strong></span> <span class='ocrx_word' id='word_1_144' title='bbox 683 2005 807 2058; x_wconf 88' lang='lat' dir='ltr'><strong>aliorum</strong></span> <span class='ocrx_word' id='word_1_145' title='bbox 828 2004 860 2059; x_wconf 73' lang='lat' dir='ltr'><strong>la.</strong></span> <span class='ocrx_word' id='word_1_146' title='bbox 896 2006 1013 2059; x_wconf 87' lang='lat' dir='ltr'><strong>Constat</strong></span> <span class='ocrx_word' id='word_1_147' title='bbox 1030 2024 1087 2060; x_wconf 88' lang='lat' dir='ltr'><strong>noa</strong></span> <span class='ocrx_word' id='word_1_148' title='bbox 1104 2008 1199 2060; x_wconf 82' lang='lat' dir='ltr'><strong>solum</strong></span> <span class='ocrx_word' id='word_1_149' title='bbox 1216 2022 1233 2058; x_wconf 88' lang='lat' dir='ltr'><strong>o</strong></span> <span class='ocrx_word' id='word_1_150' title='bbox 1248 2003 1327 2081; x_wconf 70' lang='lat' dir='ltr'><strong>lai!-</strong></span> 
     </span>
     <span class='ocr_line' id='line_1_20' title="bbox 223 2090 1331 2168; baseline 0 -21"><span class='ocrx_word' id='word_1_151' title='bbox 223 2096 290 2166; x_wconf 91' lang='lat' dir='ltr'><strong>epit.</strong></span> <span class='ocrx_word' id='word_1_152' title='bbox 309 2097 344 2150; x_wconf 76' lang='lat' dir='ltr'><strong>ot</strong></span> <span class='ocrx_word' id='word_1_153' title='bbox 365 2103 392 2150; x_wconf 91' lang='lat' dir='ltr'><strong>et</strong></span> <span class='ocrx_word' id='word_1_154' title='bbox 409 2098 475 2151; x_wconf 86' lang='lat' dir='ltr'><strong>Uel.</strong></span> <span class='ocrx_word' id='word_1_155' title='bbox 494 2098 569 2150; x_wconf 76' lang='lat' dir='ltr'><strong>dias.</strong></span> <span class='ocrx_word' id='word_1_156' title='bbox 590 2099 623 2160; x_wconf 87' lang='lat' dir='ltr'><strong>V,</strong></span> <span class='ocrx_word' id='word_1_157' title='bbox 642 2096 670 2161; x_wconf 79' lang='lat'><strong>8,</strong></span> <span class='ocrx_word' id='word_1_158' title='bbox 687 2096 714 2162; x_wconf 80' lang='lat' dir='ltr'><strong>d,</strong></span> <span class='ocrx_word' id='word_1_159' title='bbox 733 2097 783 2149; x_wconf 79' lang='lat' dir='ltr'><strong>ubi</strong></span> <span class='ocrx_word' id='word_1_160' title='bbox 803 2097 901 2150; x_wconf 87' lang='lat' dir='ltr'><strong>eadem</strong></span> <span class='ocrx_word' id='word_1_161' title='bbox 920 2114 965 2150; x_wconf 87' lang='lat' dir='ltr'><strong>ree</strong></span> <span class='ocrx_word' id='word_1_162' title='bbox 985 2105 1121 2153; x_wconf 79' lang='lat' dir='ltr'><strong>narratur</strong></span> <span class='ocrx_word' id='word_1_163' title='bbox 1139 2096 1269 2168; x_wconf 73' lang='lat' dir='ltr'><strong>plenius,</strong></span> <span class='ocrx_word' id='word_1_164' title='bbox 1285 2090 1331 2147; x_wconf 59' lang='lat' dir='ltr'><strong>e!</strong></span> 
     </span>
     <span class='ocr_line' id='line_1_21' title="bbox 220 2187 1205 2260; baseline 0.004 -20"><span class='ocrx_word' id='word_1_165' title='bbox 220 2187 375 2242; x_wconf 72' lang='lat' dir='ltr'><strong>didascalia</strong></span> <span class='ocrx_word' id='word_1_166' title='bbox 397 2191 514 2257; x_wconf 79' lang='lat' dir='ltr'><strong>Hecyra</strong></span> <span class='ocrx_word' id='word_1_167' title='bbox 533 2188 720 2254; x_wconf 76' lang='lat' dir='ltr'><strong>Terentiana,</strong></span> <span class='ocrx_word' id='word_1_168' title='bbox 738 2189 787 2242; x_wconf 89' lang='lat' dir='ltr'><strong>sed</strong></span> <span class='ocrx_word' id='word_1_169' title='bbox 805 2206 821 2241; x_wconf 91' lang='lat' dir='ltr'><strong>e</strong></span> <span class='ocrx_word' id='word_1_170' title='bbox 838 2187 1007 2259; x_wconf 81' lang='lat' dir='ltr'><strong>fragmentis</strong></span> <span class='ocrx_word' id='word_1_171' title='bbox 1026 2188 1205 2260; x_wconf 77' lang='lat' dir='ltr'><strong>Capitolinis.</strong></span> 
     </span>
    </p>

    <p class='ocr_par' dir='ltr' id='par_1_8' title="bbox 217 2280 1324 2990">
     <span class='ocr_line' id='line_1_22' title="bbox 292 2280 1324 2349; baseline 0.006 -20"><span class='ocrx_word' id='word_1_172' title='bbox 292 2280 324 2332; x_wconf 87' lang='lat' dir='ltr'><strong>D.</strong></span> <span class='ocrx_word' id='word_1_173' title='bbox 345 2280 439 2331; x_wconf 79' lang='lat' dir='ltr'><strong>Silano</strong></span> <span class='ocrx_word' id='word_1_174' title='bbox 459 2281 693 2348; x_wconf 79' lang='lat' dir='ltr'><strong>emancipauerat)</strong></span> <span class='ocrx_word' id='word_1_175' title='bbox 729 2283 829 2349; x_wconf 91' lang='lat' dir='ltr'><strong>Itaque</strong></span> <span class='ocrx_word' id='word_1_176' title='bbox 854 2281 928 2347; x_wconf 86' lang='lat' dir='ltr'><strong>apud</strong></span> <span class='ocrx_word' id='word_1_177' title='bbox 955 2281 1066 2334; x_wconf 61' lang='lat' dir='ltr'><strong>lilerium</strong></span> <span class='ocrx_word' id='word_1_178' title='bbox 1092 2289 1121 2337; x_wconf 88' lang='lat' dir='ltr'><strong>et</strong></span> <span class='ocrx_word' id='word_1_179' title='bbox 1145 2284 1212 2336; x_wconf 80' lang='lat' dir='ltr'><strong>Uel.</strong></span> <span class='ocrx_word' id='word_1_180' title='bbox 1238 2282 1324 2336; x_wconf 72' lang='lat' dir='ltr'><strong>liet·</strong></span> 
     </span>
     <span class='ocr_line' id='line_1_23' title="bbox 221 2369 1321 2443; baseline 0.007 -23"><span class='ocrx_word' id='word_1_181' title='bbox 221 2369 280 2439; x_wconf 87' lang='lat' dir='ltr'><strong>ipae</strong></span> <span class='ocrx_word' id='word_1_182' title='bbox 299 2373 332 2424; x_wconf 88' lang='grc' dir='ltr'><strong>Ι).</strong></span> <span class='ocrx_word' id='word_1_183' title='bbox 352 2372 467 2426; x_wconf 84' lang='lat' dir='ltr'><strong>Silanus</strong></span> <span class='ocrx_word' id='word_1_184' title='bbox 493 2373 666 2443; x_wconf 88' lang='lat' dir='ltr'><strong>appellatur.</strong></span> <span class='ocrx_word' id='word_1_185' title='bbox 727 2372 847 2440; x_wconf 82' lang='lat' dir='ltr'><strong>Propria</strong></span> <span class='ocrx_word' id='word_1_186' title='bbox 873 2381 970 2426; x_wconf 89' lang='lat' dir='ltr'><strong>autem</strong></span> <span class='ocrx_word' id='word_1_187' title='bbox 998 2372 1098 2428; x_wconf 88' lang='lat' dir='ltr'><strong>Cicero</strong></span> <span class='ocrx_word' id='word_1_188' title='bbox 1125 2372 1213 2440; x_wconf 72' lang='lat' dir='ltr'><strong>uixit,</strong></span> <span class='ocrx_word' id='word_1_189' title='bbox 1250 2384 1321 2428; x_wconf 67' lang='lat' dir='ltr'><strong>es·</strong></span> 
     </span>
     <span class='ocr_line' id='line_1_24' title="bbox 221 2462 1324 2536; baseline 0.001 -21"><span class='ocrx_word' id='word_1_190' title='bbox 221 2462 335 2532; x_wconf 82' lang='lat' dir='ltr'><strong>adoptio</strong></span> <span class='ocrx_word' id='word_1_191' title='bbox 355 2464 442 2519; x_wconf 80' lang='lat' dir='ltr'><strong>tiebat</strong></span> <span class='ocrx_word' id='word_1_192' title='bbox 460 2464 676 2536; x_wconf 78' lang='lat' dir='ltr'><strong>mancipatione,</strong></span> <span class='ocrx_word' id='word_1_193' title='bbox 697 2468 777 2532; x_wconf 89' lang='lat' dir='ltr'><strong>patra</strong></span> <span class='ocrx_word' id='word_1_194' title='bbox 796 2463 889 2515; x_wconf 88' lang='lat' dir='ltr'><strong>lilium</strong></span> <span class='ocrx_word' id='word_1_195' title='bbox 908 2468 951 2516; x_wconf 86' lang='lat' dir='ltr'><strong>tar</strong></span> <span class='ocrx_word' id='word_1_196' title='bbox 971 2463 1187 2535; x_wconf 71' lang='lat' dir='ltr'><strong>emancipando,</strong></span> <span class='ocrx_word' id='word_1_197' title='bbox 1205 2464 1243 2517; x_wconf 89' lang='lat' dir='ltr'><strong>de</strong></span> <span class='ocrx_word' id='word_1_198' title='bbox 1260 2474 1324 2534; x_wconf 67' lang='lat' dir='ltr'><strong>qao</strong></span> 
     </span>
     <span class='ocr_line' id='line_1_25' title="bbox 220 2554 1314 2620; baseline 0.002 -13"><span class='ocrx_word' id='word_1_199' title='bbox 220 2571 301 2609; x_wconf 89' lang='lat' dir='ltr'><strong>more</strong></span> <span class='ocrx_word' id='word_1_200' title='bbox 320 2555 376 2609; x_wconf 88' lang='lat' dir='ltr'><strong>uid.</strong></span> <span class='ocrx_word' id='word_1_201' title='bbox 397 2557 514 2610; x_wconf 87' lang='lat' dir='ltr'><strong>Sueten.</strong></span> <span class='ocrx_word' id='word_1_202' title='bbox 552 2558 613 2609; x_wconf 91' lang='lat' dir='ltr'><strong>Oct.</strong></span> <span class='ocrx_word' id='word_1_203' title='bbox 635 2556 685 2619; x_wconf 82' lang='lat' dir='ltr'><strong>ut,</strong></span> <span class='ocrx_word' id='word_1_204' title='bbox 707 2554 781 2606; x_wconf 87' lang='lat' dir='ltr'><strong>Geli.</strong></span> <span class='ocrx_word' id='word_1_205' title='bbox 802 2554 897 2619; x_wconf 80' lang='lat' dir='ltr'><strong>v,19‚</strong></span> <span class='ocrx_word' id='word_1_206' title='bbox 918 2555 983 2608; x_wconf 84' lang='lat' dir='ltr'><strong>Gai.</strong></span> <span class='ocrx_word' id='word_1_207' title='bbox 1004 2555 1107 2620; x_wconf 79' lang='lat' dir='ltr'><strong>1,13t,</strong></span> <span class='ocrx_word' id='word_1_208' title='bbox 1125 2558 1145 2609; x_wconf 93' lang='grc'><strong>1.</strong></span> <span class='ocrx_word' id='word_1_209' title='bbox 1169 2558 1224 2612; x_wconf 89' lang='lat' dir='ltr'><strong>ult.</strong></span> <span class='ocrx_word' id='word_1_210' title='bbox 1246 2554 1314 2609; x_wconf 75' lang='lat' dir='ltr'><strong>cat.</strong></span> 
     </span>
     <span class='ocr_line' id='line_1_26' title="bbox 221 2645 1315 2717; baseline 0.002 -19"><span class='ocrx_word' id='word_1_211' title='bbox 221 2646 257 2699; x_wconf 86' lang='lat' dir='ltr'><strong>de</strong></span> <span class='ocrx_word' id='word_1_212' title='bbox 274 2648 368 2717; x_wconf 84' lang='lat' dir='ltr'><strong>adopt.</strong></span> <span class='ocrx_word' id='word_1_213' title='bbox 388 2646 429 2715; x_wconf 79' lang='lat'><strong>(8,</strong></span> <span class='ocrx_word' id='word_1_214' title='bbox 447 2648 496 2716; x_wconf 79' lang='lat' dir='ltr'><strong>te)</strong></span> <span class='ocrx_word' id='word_1_215' title='bbox 518 2655 546 2702; x_wconf 90' lang='lat' dir='ltr'><strong>et</strong></span> <span class='ocrx_word' id='word_1_216' title='bbox 564 2646 612 2717; x_wconf 87' lang='lat' dir='ltr'><strong>qui</strong></span> <span class='ocrx_word' id='word_1_217' title='bbox 630 2664 662 2699; x_wconf 85' lang='lat' dir='ltr'><strong>ex</strong></span> <span class='ocrx_word' id='word_1_218' title='bbox 681 2646 725 2698; x_wconf 86' lang='lat' dir='ltr'><strong>iris</strong></span> <span class='ocrx_word' id='word_1_219' title='bbox 740 2645 868 2699; x_wconf 81' lang='lat' dir='ltr'><strong>lontibus</strong></span> <span class='ocrx_word' id='word_1_220' title='bbox 887 2664 949 2699; x_wconf 88' lang='lat' dir='ltr'><strong>rem</strong></span> <span class='ocrx_word' id='word_1_221' title='bbox 969 2653 1172 2716; x_wconf 78' lang='lat' dir='ltr'><strong>exposuerunt,</strong></span> <span class='ocrx_word' id='word_1_222' title='bbox 1192 2656 1225 2702; x_wconf 91' lang='lat' dir='ltr'><strong>ut</strong></span> <span class='ocrx_word' id='word_1_223' title='bbox 1243 2646 1315 2701; x_wconf 82' lang='lat' dir='ltr'><strong>liei-</strong></span> 
     </span>
     <span class='ocr_line' id='line_1_27' title="bbox 220 2737 1313 2812; baseline 0.002 -23"><span class='ocrx_word' id='word_1_224' title='bbox 220 2739 334 2792; x_wconf 85' lang='lat' dir='ltr'><strong>neccius</strong></span> <span class='ocrx_word' id='word_1_225' title='bbox 350 2739 378 2791; x_wconf 95' lang='lat' dir='ltr'><strong>in</strong></span> <span class='ocrx_word' id='word_1_226' title='bbox 397 2739 545 2812; x_wconf 79' lang='lat' dir='ltr'><strong>syntagm.</strong></span> <span class='ocrx_word' id='word_1_227' title='bbox 565 2739 678 2808; x_wconf 68' lang='lat' dir='ltr'><strong>antiqu.</strong></span> <span class='ocrx_word' id='word_1_228' title='bbox 698 2744 721 2802; x_wconf 89' lang='lat'><strong>1,</strong></span> <span class='ocrx_word' id='word_1_229' title='bbox 741 2738 784 2802; x_wconf 92' lang='lat'><strong>11,</strong></span> <span class='ocrx_word' id='word_1_230' title='bbox 804 2737 846 2790; x_wconf 82' lang='lat'><strong>15.</strong></span> <span class='ocrx_word' id='word_1_231' title='bbox 885 2738 970 2803; x_wconf 78' lang='lat' dir='ltr'><strong>Mes,</strong></span> <span class='ocrx_word' id='word_1_232' title='bbox 989 2737 1040 2790; x_wconf 82' lang='lat' dir='ltr'><strong>uiri</strong></span> <span class='ocrx_word' id='word_1_233' title='bbox 1058 2745 1101 2791; x_wconf 87' lang='lat' dir='ltr'><strong>eet</strong></span> <span class='ocrx_word' id='word_1_234' title='bbox 1115 2740 1251 2806; x_wconf 81' lang='lat' dir='ltr'><strong>pceuas&#39;ee</strong></span> <span class='ocrx_word' id='word_1_235' title='bbox 1272 2752 1313 2791; x_wconf 81' lang='lat' dir='ltr'><strong>ee·</strong></span> 
     </span>
     <span class='ocr_line' id='line_1_28' title="bbox 217 2827 1309 2901; baseline 0.005 -22"><span class='ocrx_word' id='word_1_236' title='bbox 217 2829 302 2895; x_wconf 81' lang='lat' dir='ltr'><strong>pisse,</strong></span> <span class='ocrx_word' id='word_1_237' title='bbox 322 2830 387 2883; x_wconf 89' lang='lat' dir='ltr'><strong>addi</strong></span> <span class='ocrx_word' id='word_1_238' title='bbox 406 2837 518 2901; x_wconf 86' lang='lat' dir='ltr'><strong>poterat</strong></span> <span class='ocrx_word' id='word_1_239' title='bbox 535 2839 631 2884; x_wconf 79' lang='lat' dir='ltr'><strong>contra</strong></span> <span class='ocrx_word' id='word_1_240' title='bbox 649 2832 742 2900; x_wconf 56' lang='lat' dir='ltr'><strong>legem</strong></span> <span class='ocrx_word' id='word_1_241' title='bbox 768 2832 818 2883; x_wconf 86' lang='lat' dir='ltr'><strong>sed</strong></span> <span class='ocrx_word' id='word_1_242' title='bbox 837 2828 906 2881; x_wconf 82' lang='lat' dir='ltr'><strong>alibi</strong></span> <span class='ocrx_word' id='word_1_243' title='bbox 923 2846 1053 2897; x_wconf 86' lang='lat' dir='ltr'><strong>quoque,</strong></span> <span class='ocrx_word' id='word_1_244' title='bbox 1072 2827 1125 2883; x_wconf 88' lang='lat' dir='ltr'><strong>illo</strong></span> <span class='ocrx_word' id='word_1_245' title='bbox 1144 2828 1309 2895; x_wconf 55' lang='lat' dir='ltr'><strong>emissust!</strong></span> 
     </span>
     <span class='ocr_line' id='line_1_29' title="bbox 219 2920 1116 2990; baseline 0.003 -17"><span class='ocrx_word' id='word_1_246' title='bbox 219 2920 293 2974; x_wconf 83' lang='lat' dir='ltr'><strong>hanc</strong></span> <span class='ocrx_word' id='word_1_247' title='bbox 312 2929 423 2990; x_wconf 87' lang='lat' dir='ltr'><strong>partem</strong></span> <span class='ocrx_word' id='word_1_248' title='bbox 441 2924 556 2987; x_wconf 89' lang='lat' dir='ltr'><strong>dicitur,</strong></span> <span class='ocrx_word' id='word_1_249' title='bbox 577 2930 610 2975; x_wconf 92' lang='lat' dir='ltr'><strong>ut</strong></span> <span class='ocrx_word' id='word_1_250' title='bbox 628 2924 712 2975; x_wconf 88' lang='lat' dir='ltr'><strong>Uerr.</strong></span> <span class='ocrx_word' id='word_1_251' title='bbox 731 2923 782 2985; x_wconf 91' lang='lat' dir='ltr'><strong>lli,</strong></span> <span class='ocrx_word' id='word_1_252' title='bbox 800 2920 862 2986; x_wconf 78' lang='lat'><strong>218,</strong></span> <span class='ocrx_word' id='word_1_253' title='bbox 882 2920 945 2973; x_wconf 73' lang='lat' dir='ltr'><strong>lriu.</strong></span> <span class='ocrx_word' id='word_1_254' title='bbox 964 2921 1070 2987; x_wconf 70' lang='lat' dir='ltr'><strong>xuni,</strong></span> <span class='ocrx_word' id='word_1_255' title='bbox 1089 2920 1116 2976; x_wconf 80' lang='lat'><strong>2.</strong></span> 
     </span>
    </p>

    <p class='ocr_par' dir='ltr' id='par_1_9' title="bbox 217 3012 1324 4183">
     <span class='ocr_line' id='line_1_30' title="bbox 289 3012 1311 3080; baseline 0 -15"><span class='ocrx_word' id='word_1_256' title='bbox 289 3030 415 3065; x_wconf 81' lang='lat' dir='ltr'><strong>causeam</strong></span> <span class='ocrx_word' id='word_1_257' title='bbox 440 3014 516 3080; x_wconf 84' lang='lat' dir='ltr'><strong>apud</strong></span> <span class='ocrx_word' id='word_1_258' title='bbox 542 3031 571 3065; x_wconf 86' lang='lat' dir='ltr'><strong>ee</strong></span> <span class='ocrx_word' id='word_1_259' title='bbox 596 3014 687 3066; x_wconf 76' lang='lat' dir='ltr'><strong>dicere</strong></span> <span class='ocrx_word' id='word_1_260' title='bbox 712 3014 831 3079; x_wconf 75' lang='lat' dir='ltr'><strong>iuberet)</strong></span> <span class='ocrx_word' id='word_1_261' title='bbox 866 3017 897 3065; x_wconf 88' lang='lat' dir='ltr'><strong>ln</strong></span> <span class='ocrx_word' id='word_1_262' title='bbox 926 3012 1052 3080; x_wconf 85' lang='lat' dir='ltr'><strong>epitoma</strong></span> <span class='ocrx_word' id='word_1_263' title='bbox 1076 3013 1140 3067; x_wconf 77' lang='lat' dir='ltr'><strong>Lis.</strong></span> <span class='ocrx_word' id='word_1_264' title='bbox 1168 3016 1311 3076; x_wconf 51' lang='lat' dir='ltr'><strong>narnien</strong></span> 
     </span>
     <span class='ocr_line' id='line_1_31' title="bbox 220 3103 1310 3176; baseline 0.001 -20"><span class='ocrx_word' id='word_1_265' title='bbox 220 3121 306 3175; x_wconf 88' lang='lat' dir='ltr'><strong>quom</strong></span> <span class='ocrx_word' id='word_1_266' title='bbox 325 3112 440 3159; x_wconf 83' lang='lat' dir='ltr'><strong>senatus</strong></span> <span class='ocrx_word' id='word_1_267' title='bbox 456 3121 626 3175; x_wconf 80' lang='lat' dir='ltr'><strong>cognoscere</strong></span> <span class='ocrx_word' id='word_1_268' title='bbox 644 3106 752 3168; x_wconf 87' lang='lat' dir='ltr'><strong>uallet,</strong></span> <span class='ocrx_word' id='word_1_269' title='bbox 763 3106 953 3175; x_wconf 67' lang='lat' dir='ltr'><strong>,Torquatum</strong></span> <span class='ocrx_word' id='word_1_270' title='bbox 973 3103 1075 3173; x_wconf 83' lang='lat' dir='ltr'><strong>petisse</strong></span> <span class='ocrx_word' id='word_1_271' title='bbox 1092 3112 1120 3158; x_wconf 91' lang='lat' dir='ltr'><strong>et</strong></span> <span class='ocrx_word' id='word_1_272' title='bbox 1137 3104 1310 3176; x_wconf 73' lang='lat' dir='ltr'><strong>impetrasse,</strong></span> 
     </span>
     <span class='ocr_line' id='line_1_32' title="bbox 219 3194 1312 3267; baseline 0.001 -18"><span class='ocrx_word' id='word_1_273' title='bbox 219 3202 253 3251; x_wconf 88' lang='lat' dir='ltr'><strong>ut</strong></span> <span class='ocrx_word' id='word_1_274' title='bbox 272 3195 327 3249; x_wconf 79' lang='lat' dir='ltr'><strong>sibi</strong></span> <span class='ocrx_word' id='word_1_275' title='bbox 345 3196 469 3266; x_wconf 74' lang='lat' dir='ltr'><strong>cognitio</strong></span> <span class='ocrx_word' id='word_1_276' title='bbox 487 3197 689 3260; x_wconf 86' lang='lat' dir='ltr'><strong>mandaretur,</strong></span> <span class='ocrx_word' id='word_1_277' title='bbox 708 3194 897 3267; x_wconf 85' lang='lat' dir='ltr'><strong>similiterque</strong></span> <span class='ocrx_word' id='word_1_278' title='bbox 916 3198 993 3266; x_wconf 87' lang='lat' dir='ltr'><strong>apud</strong></span> <span class='ocrx_word' id='word_1_279' title='bbox 1012 3197 1181 3261; x_wconf 86' lang='lat' dir='ltr'><strong>Ualerium,</strong></span> <span class='ocrx_word' id='word_1_280' title='bbox 1200 3195 1252 3266; x_wconf 89' lang='lat' dir='ltr'><strong>qui</strong></span> <span class='ocrx_word' id='word_1_281' title='bbox 1267 3210 1312 3250; x_wconf 84' lang='lat' dir='ltr'><strong>so·</strong></span> 
     </span>
     <span class='ocr_line' id='line_1_33' title="bbox 220 3285 1312 3359; baseline -0.001 -19"><span class='ocrx_word' id='word_1_282' title='bbox 220 3289 281 3341; x_wconf 87' lang='lat' dir='ltr'><strong>lum</strong></span> <span class='ocrx_word' id='word_1_283' title='bbox 302 3306 353 3358; x_wconf 90' lang='lat' dir='ltr'><strong>per</strong></span> <span class='ocrx_word' id='word_1_284' title='bbox 374 3295 466 3342; x_wconf 89' lang='lat' dir='ltr'><strong>totum</strong></span> <span class='ocrx_word' id='word_1_285' title='bbox 487 3289 607 3342; x_wconf 78' lang='lat' dir='ltr'><strong>biduum</strong></span> <span class='ocrx_word' id='word_1_286' title='bbox 629 3288 743 3359; x_wconf 88' lang='lat' dir='ltr'><strong>utrique</strong></span> <span class='ocrx_word' id='word_1_287' title='bbox 760 3288 835 3358; x_wconf 88' lang='lat' dir='ltr'><strong>parti</strong></span> <span class='ocrx_word' id='word_1_288' title='bbox 858 3304 978 3342; x_wconf 82' lang='lat' dir='ltr'><strong>uacasse</strong></span> <span class='ocrx_word' id='word_1_289' title='bbox 1003 3288 1091 3342; x_wconf 88' lang='lat' dir='ltr'><strong>addit.</strong></span> <span class='ocrx_word' id='word_1_290' title='bbox 1128 3290 1248 3341; x_wconf 77' lang='lat' dir='ltr'><strong>flerent</strong></span> <span class='ocrx_word' id='word_1_291' title='bbox 1267 3285 1312 3340; x_wconf 76' lang='lat' dir='ltr'><strong>Sl-</strong></span> 
     </span>
     <span class='ocr_line' id='line_1_34' title="bbox 220 3378 1312 3451; baseline -0.001 -17"><span class='ocrx_word' id='word_1_292' title='bbox 220 3378 322 3450; x_wconf 82' lang='lat' dir='ltr'><strong>gouius</strong></span> <span class='ocrx_word' id='word_1_293' title='bbox 337 3387 366 3434; x_wconf 90' lang='lat' dir='ltr'><strong>et</strong></span> <span class='ocrx_word' id='word_1_294' title='bbox 386 3381 536 3446; x_wconf 73' lang='lat' dir='ltr'><strong>vuilerae,</strong></span> <span class='ocrx_word' id='word_1_295' title='bbox 574 3382 647 3450; x_wconf 90' lang='lat' dir='ltr'><strong>quod</strong></span> <span class='ocrx_word' id='word_1_296' title='bbox 666 3381 757 3451; x_wconf 89' lang='lat' dir='ltr'><strong>legati</strong></span> <span class='ocrx_word' id='word_1_297' title='bbox 776 3387 906 3433; x_wconf 85' lang='lat' dir='ltr'><strong>sanatum</strong></span> <span class='ocrx_word' id='word_1_298' title='bbox 933 3381 1039 3433; x_wconf 89' lang='lat' dir='ltr'><strong>adeunt</strong></span> <span class='ocrx_word' id='word_1_299' title='bbox 1064 3384 1239 3448; x_wconf 77' lang='lat' dir='ltr'><strong>senatusque</strong></span> <span class='ocrx_word' id='word_1_300' title='bbox 1264 3393 1312 3433; x_wconf 76' lang='lat' dir='ltr'><strong>ee·</strong></span> 
     </span>
     <span class='ocr_line' id='line_1_35' title="bbox 218 3469 1314 3543; baseline -0.002 -18"><span class='ocrx_word' id='word_1_301' title='bbox 218 3472 352 3543; x_wconf 84' lang='lat' dir='ltr'><strong>gnituras</strong></span> <span class='ocrx_word' id='word_1_302' title='bbox 369 3473 457 3526; x_wconf 84' lang='lat' dir='ltr'><strong>luisse</strong></span> <span class='ocrx_word' id='word_1_303' title='bbox 475 3472 596 3537; x_wconf 83' lang='lat' dir='ltr'><strong>dieitur,</strong></span> <span class='ocrx_word' id='word_1_304' title='bbox 630 3490 716 3542; x_wconf 89' lang='lat' dir='ltr'><strong>quom</strong></span> <span class='ocrx_word' id='word_1_305' title='bbox 736 3470 847 3543; x_wconf 84' lang='lat' dir='ltr'><strong>aliquot</strong></span> <span class='ocrx_word' id='word_1_306' title='bbox 865 3472 945 3526; x_wconf 87' lang='lat' dir='ltr'><strong>annis</strong></span> <span class='ocrx_word' id='word_1_307' title='bbox 963 3478 1029 3526; x_wconf 88' lang='lat' dir='ltr'><strong>ante</strong></span> <span class='ocrx_word' id='word_1_308' title='bbox 1047 3473 1090 3540; x_wconf 85' lang='lat' dir='ltr'><strong>(a.</strong></span> <span class='ocrx_word' id='word_1_309' title='bbox 1111 3470 1164 3525; x_wconf 74' lang='lat' dir='ltr'><strong>lte</strong></span> <span class='ocrx_word' id='word_1_310' title='bbox 1184 3487 1212 3525; x_wconf 79' lang='lat' dir='ltr'><strong>e.</strong></span> <span class='ocrx_word' id='word_1_311' title='bbox 1231 3469 1314 3537; x_wconf 74' lang='lat' dir='ltr'><strong>cns.)</strong></span> 
     </span>
     <span class='ocr_line' id='line_1_36' title="bbox 218 3563 1314 3635; baseline 0 -20"><span class='ocrx_word' id='word_1_312' title='bbox 218 3564 285 3635; x_wconf 89' lang='lat' dir='ltr'><strong>lege</strong></span> <span class='ocrx_word' id='word_1_313' title='bbox 312 3566 469 3635; x_wconf 87' lang='lat' dir='ltr'><strong>Calpurnia</strong></span> <span class='ocrx_word' id='word_1_314' title='bbox 495 3565 609 3635; x_wconf 80' lang='lat' dir='ltr'><strong>questio</strong></span> <span class='ocrx_word' id='word_1_315' title='bbox 635 3564 670 3616; x_wconf 92' lang='lat' dir='ltr'><strong>de</strong></span> <span class='ocrx_word' id='word_1_316' title='bbox 702 3565 829 3634; x_wconf 83' lang='lat' dir='ltr'><strong>paeoniis</strong></span> <span class='ocrx_word' id='word_1_317' title='bbox 855 3564 1019 3634; x_wconf 82' lang='lat' dir='ltr'><strong>repetundis</strong></span> <span class='ocrx_word' id='word_1_318' title='bbox 1044 3563 1198 3618; x_wconf 84' lang='lat' dir='ltr'><strong>constituta</strong></span> <span class='ocrx_word' id='word_1_319' title='bbox 1224 3564 1314 3629; x_wconf 55' lang='lat' dir='ltr'><strong>asota</strong></span> 
     </span>
     <span class='ocr_line' id='line_1_37' title="bbox 218 3642 1314 3731; baseline -0.001 -25"><span class='ocrx_word' id='word_1_320' title='bbox 218 3670 285 3707; x_wconf 83' lang='lat' dir='ltr'><strong>nans</strong></span> <span class='ocrx_word' id='word_1_321' title='bbox 304 3656 488 3731; x_wconf 69' lang='lat' dir='ltr'><strong>Silanumex</strong></span> <span class='ocrx_word' id='word_1_322' title='bbox 507 3656 627 3710; x_wconf 85' lang='lat' dir='ltr'><strong>Liuiano</strong></span> <span class='ocrx_word' id='word_1_323' title='bbox 646 3657 772 3728; x_wconf 81' lang='lat' dir='ltr'><strong>epitome</strong></span> <span class='ocrx_word' id='word_1_324' title='bbox 789 3657 969 3727; x_wconf 86' lang='lat' dir='ltr'><strong>intellegitur</strong></span> <span class='ocrx_word' id='word_1_325' title='bbox 990 3642 1190 3710; x_wconf 76' lang='lat' dir='ltr'><strong>Macedoniarn</strong></span> <span class='ocrx_word' id='word_1_326' title='bbox 1208 3650 1314 3705; x_wconf 66' lang='lat' dir='ltr'><strong>resim</strong></span> 
     </span>
     <span class='ocr_line' id='line_1_38' title="bbox 219 3742 1316 3818; baseline -0.001 -20"><span class='ocrx_word' id='word_1_327' title='bbox 219 3751 282 3815; x_wconf 87' lang='lat' dir='ltr'><strong>post</strong></span> <span class='ocrx_word' id='word_1_328' title='bbox 297 3748 331 3815; x_wconf 79' lang='lat' dir='ltr'><strong>Q.</strong></span> <span class='ocrx_word' id='word_1_329' title='bbox 349 3748 468 3818; x_wconf 83' lang='lat' dir='ltr'><strong>Pompei</strong></span> <span class='ocrx_word' id='word_1_330' title='bbox 486 3749 667 3802; x_wconf 87' lang='lat' dir='ltr'><strong>consulatum</strong></span> <span class='ocrx_word' id='word_1_331' title='bbox 686 3750 725 3813; x_wconf 89' lang='lat' dir='ltr'><strong>(a.</strong></span> <span class='ocrx_word' id='word_1_332' title='bbox 741 3748 816 3816; x_wconf 71' lang='lat'><strong>141).</strong></span> <span class='ocrx_word' id='word_1_333' title='bbox 869 3747 1010 3817; x_wconf 83' lang='lat' dir='ltr'><strong>Equidem</strong></span> <span class='ocrx_word' id='word_1_334' title='bbox 1032 3764 1068 3801; x_wconf 87' lang='lat' dir='ltr'><strong>aa</strong></span> <span class='ocrx_word' id='word_1_335' title='bbox 1088 3750 1173 3800; x_wconf 85' lang='lat' dir='ltr'><strong>antee</strong></span> <span class='ocrx_word' id='word_1_336' title='bbox 1197 3742 1316 3813; x_wconf 72' lang='lat' dir='ltr'><strong>quiden</strong></span> 
     </span>
     <span class='ocr_line' id='line_1_39' title="bbox 217 3836 1315 3911; baseline -0.002 -20"><span class='ocrx_word' id='word_1_337' title='bbox 217 3843 349 3891; x_wconf 86' lang='lat' dir='ltr'><strong>senatum</strong></span> <span class='ocrx_word' id='word_1_338' title='bbox 369 3856 461 3910; x_wconf 90' lang='lat' dir='ltr'><strong>neque</strong></span> <span class='ocrx_word' id='word_1_339' title='bbox 489 3839 524 3890; x_wconf 91' lang='lat' dir='ltr'><strong>de</strong></span> <span class='ocrx_word' id='word_1_340' title='bbox 549 3838 714 3911; x_wconf 87' lang='lat' dir='ltr'><strong>repetundis</strong></span> <span class='ocrx_word' id='word_1_341' title='bbox 741 3856 833 3908; x_wconf 88' lang='lat' dir='ltr'><strong>neque</strong></span> <span class='ocrx_word' id='word_1_342' title='bbox 854 3840 890 3891; x_wconf 83' lang='lat' dir='ltr'><strong>de</strong></span> <span class='ocrx_word' id='word_1_343' title='bbox 908 3841 971 3892; x_wconf 90' lang='lat' dir='ltr'><strong>ullo</strong></span> <span class='ocrx_word' id='word_1_344' title='bbox 991 3837 1049 3893; x_wconf 88' lang='lat' dir='ltr'><strong>alio</strong></span> <span class='ocrx_word' id='word_1_345' title='bbox 1068 3836 1187 3891; x_wconf 82' lang='lat' dir='ltr'><strong>crimine</strong></span> <span class='ocrx_word' id='word_1_346' title='bbox 1205 3852 1315 3907; x_wconf 79' lang='lat' dir='ltr'><strong>eogae-</strong></span> 
     </span>
     <span class='ocr_line' id='line_1_40' title="bbox 219 3929 1324 4001; baseline 0.002 -20"><span class='ocrx_word' id='word_1_347' title='bbox 219 3929 294 3983; x_wconf 86' lang='lat' dir='ltr'><strong>uisee</strong></span> <span class='ocrx_word' id='word_1_348' title='bbox 314 3935 342 3982; x_wconf 89' lang='lat' dir='ltr'><strong>et</strong></span> <span class='ocrx_word' id='word_1_349' title='bbox 364 3930 504 3983; x_wconf 86' lang='lat' dir='ltr'><strong>iudicasse</strong></span> <span class='ocrx_word' id='word_1_350' title='bbox 522 3929 664 3994; x_wconf 76' lang='lat' dir='ltr'><strong>arbitror3</strong></span> <span class='ocrx_word' id='word_1_351' title='bbox 701 3946 794 4000; x_wconf 88' lang='lat' dir='ltr'><strong>neque</strong></span> <span class='ocrx_word' id='word_1_352' title='bbox 821 3932 880 3984; x_wconf 90' lang='lat' dir='ltr'><strong>sine</strong></span> <span class='ocrx_word' id='word_1_353' title='bbox 898 3933 965 4001; x_wconf 88' lang='lat' dir='ltr'><strong>lege</strong></span> <span class='ocrx_word' id='word_1_354' title='bbox 992 3929 1244 3993; x_wconf 72' lang='lat' dir='ltr'><strong>eliminandam,</strong></span> <span class='ocrx_word' id='word_1_355' title='bbox 1281 3932 1324 4000; x_wconf 48' lang='lat' dir='ltr'><strong>ut,</strong></span> 
     </span>
     <span class='ocr_line' id='line_1_41' title="bbox 217 4017 1316 4090; baseline 0 -19"><span class='ocrx_word' id='word_1_356' title='bbox 217 4026 395 4087; x_wconf 80' lang='lat' dir='ltr'><strong>quaterent‚·</strong></span> <span class='ocrx_word' id='word_1_357' title='bbox 429 4021 616 4090; x_wconf 71' lang='lat' dir='ltr'><strong>settenguen</strong></span> <span class='ocrx_word' id='word_1_358' title='bbox 642 4026 668 4075; x_wconf 85' lang='lat' dir='ltr'><strong>at</strong></span> <span class='ocrx_word' id='word_1_359' title='bbox 688 4022 743 4076; x_wconf 82' lang='lat' dir='ltr'><strong>lroc</strong></span> <span class='ocrx_word' id='word_1_360' title='bbox 769 4030 869 4078; x_wconf 87' lang='lat' dir='ltr'><strong>caetra</strong></span> <span class='ocrx_word' id='word_1_361' title='bbox 894 4023 1078 4077; x_wconf 82' lang='lat' dir='ltr'><strong>Dirlrseuium</strong></span> <span class='ocrx_word' id='word_1_362' title='bbox 1104 4017 1316 4088; x_wconf 76' lang='lat' dir='ltr'><strong>(cirilistisclrs</strong></span> 
     </span>
     <span class='ocr_line' id='line_1_42' title="bbox 219 4108 1315 4183; baseline 0.001 -21"><span class='ocrx_word' id='word_1_363' title='bbox 219 4110 448 4181; x_wconf 64' lang='lat' dir='ltr'><strong>abhandlungen</strong></span> <span class='ocrx_word' id='word_1_364' title='bbox 470 4117 501 4175; x_wconf 90' lang='lat'><strong>1,</strong></span> <span class='ocrx_word' id='word_1_365' title='bbox 534 4110 576 4175; x_wconf 75' lang='grc'><strong>2),</strong></span> <span class='ocrx_word' id='word_1_366' title='bbox 591 4112 731 4183; x_wconf 83' lang='lat' dir='ltr'><strong>persequi.</strong></span> <span class='ocrx_word' id='word_1_367' title='bbox 787 4113 895 4167; x_wconf 79' lang='lat' dir='ltr'><strong>lieinde</strong></span> <span class='ocrx_word' id='word_1_368' title='bbox 922 4113 1037 4183; x_wconf 85' lang='lat' dir='ltr'><strong>priuato</strong></span> <span class='ocrx_word' id='word_1_369' title='bbox 1063 4110 1174 4166; x_wconf 84' lang='lat' dir='ltr'><strong>homini</strong></span> <span class='ocrx_word' id='word_1_370' title='bbox 1203 4117 1233 4164; x_wconf 82' lang='lat' dir='ltr'><strong>et</strong></span> <span class='ocrx_word' id='word_1_371' title='bbox 1262 4108 1315 4163; x_wconf 88' lang='lat' dir='ltr'><strong>uui</strong></span> 
     </span>
    </p>
   </div>
   <div class='ocr_carea' id='block_1_7' title="bbox 0 0 1358 5018">
    <p class='ocr_par' dir='ltr' id='par_1_10' title="bbox 0 0 1358 5018">
     <span class='ocr_line' id='line_1_43' title="bbox 0 0 1358 5018; baseline 0 0"><span class='ocrx_word' id='word_1_372' title='bbox 0 0 1358 5018; x_wconf 95' lang='lat' dir='ltr'><strong> </strong></span> 
     </span>
    </p>
   </div>
  </div>
 </body>
</html>
