2706 5018
183 345 206 405 8
523 337 583 403 DE
605 336 783 403 FlNlBUS
808 333 908 402 BON.

188 536 260 598 eine
284 532 345 596 hoc
369 530 505 600 difficile
530 546 579 613 st,
625 548 733 597 tamen
762 557 822 598 nec
853 534 968 597 modus
1001 544 1051 596 est
1078 531 1167 596 ullus
1197 535 1279 595 inue-

190 640 334 726 stigandi
359 643 441 718 ueri,
464 642 528 703 nisi
552 643 731 720 inueneris,
755 653 788 703 et
807 641 986 726 quaerendi
1008 641 1201 726 defetigatio
1221 653 1281 702 tnr-

190 749 336 833 piacet,
382 768 479 831 quom
502 748 556 826 id,
595 749 680 832 quod
714 751 901 834 quaeritur,
944 750 986 809 sit
1011 745 1285 831 pulcherrumum.

192 852 322 917 Etenim
346 854 376 915 si
400 851 622 930 delectamur,
647 877 744 939 quom
772 853 958 931 scribimnS,
980 855 1052 938 quie
1078 866 1128 917 est
1153 865 1219 916 tam
1241 855 1288 916 in·

194 959 312 1037 uidua,
349 960 404 1044 qui
428 957 469 1022 ab
494 981 534 1023 eo
561 981 620 1023 nos
642 960 801 1024 deducati
825 963 874 1022 sin
901 957 1110 1039 laboremne,
1133 961 1207 1044 quis
1232 970 1289 1037 eet,

195 1069 250 1152 qni
271 1064 401 1128 alienae
425 1066 556 1129 modum
583 1080 706 1130 statuat
724 1065 928 1129 industriaei
949 1063 1035 1128 Nam
1061 1080 1096 1129 nt
1119 1065 1293 1129 Terentia·

196 1193 257 1235 nus
280 1171 438 1236 Chremes
471 1193 537 1235 non
571 1173 789 1251 inhumanus,
834 1175 890 1259 qni
913 1193 1033 1236 nouom
1056 1175 1203 1236 uicinum
1230 1192 1295 1234 non

196 1278 268 1343 uolt

291 1381 421 1452 Fodere
443 1393 503 1448 aru
523 1404 622 1448 erere
647 1392 705 1448 urit
727 1383 857 1468 aliquid
868 1382 970 1460 ferre
991 1385 1143 1471 deniqne,

252 1608 289 1647 eet
304 1603 374 1657 ullae)
390 1603 458 1646 ulier
473 1602 547 1647 eetE
588 1602 691 1656 inridre)
705 1602 844 1647 timidueli
887 1603 994 1656 deducet)
1013 1603 1124 1648 adducet
1144 1598 1301 1645 nrmcaor.

198 1680 260 1733 uem)
276 1679 359 1724 non?
376 1690 392 1723 a
408 1678 484 1736 prima
497 1692 575 1724 menn.

269 1871 379 1924 Etenim
399 1869 467 1938 dre.)
487 1870 549 1924 Non
568 1872 603 1924 ad
625 1887 791 1942 proxumam
811 1869 981 1923 uertentium
999 1869 1060 1922 hec
1072 1867 1148 1922 ratio
1167 1865 1303 1938 pertinet,

198 1963 246 2016 red
278 1964 314 2015 nd
355 1964 477 2033 primam
514 1963 696 2031 questionem
723 1963 758 2014 de
788 1962 982 2016 moderatione
1015 1961 1196 2025 adhibenda;
1237 1977 1302 2014 nam

198 2053 343 2123 particula
371 2056 468 2106 etenim
494 2055 602 2107 utimur
636 2073 690 2108 non
722 2063 780 2108 tam
815 2071 899 2123 quom
925 2070 1063 2124 proxuma
1090 2053 1302 2118 confirmemur,

200 2163 286 2216 quom
311 2164 397 2217 quom
425 2145 454 2198 iu
481 2144 615 2200 uniuersa
640 2144 887 2218 argumentatione
920 2145 1139 2216 progredimur,
1181 2151 1214 2199 nt
1232 2162 1303 2214 rape

200 2238 262 2291 scre
289 2239 365 2292 idem
393 2238 430 2291 eit
458 2252 491 2289 ae
521 2255 625 2306 porro,
661 2246 807 2308 praeterea.
861 2239 1001 2307 Exempla
1035 2245 1101 2291 eunt
1133 2238 1223 2292 Tunc.
1250 2238 1301 2297 111,

198 2329 250 2394 20,
268 2331 304 2382 do
322 2331 356 2384 N.
380 2331 414 2384 Ι).
435 2334 480 2393 11,
500 2330 553 2394 77,
580 2331 615 2382 de
633 2331 758 2384 Diuinat.
779 2331 822 2393 ll,
841 2327 894 2394 89,
913 2331 960 2383 uni
981 2330 1137 2400 llottinger
1155 2330 1194 2382 Et
1212 2331 1302 2383 mole·

199 2424 251 2476 irat
277 2441 328 2477 nee
359 2439 377 2476 a
404 2423 610 2479 recentioribus
635 2429 776 2482 rcfrrtatue
804 2433 847 2479 eet
872 2423 983 2489 (celcra
1007 2427 1048 2474 flio
1074 2423 1200 2491 legenda
1224 2429 1301 2474 eunte

201 2534 280 2590 quom
301 2523 422 2584 tempore
437 2519 505 2569 unni
523 2524 714 2585 tempestatum
743 2527 827 2592 utque
854 2515 917 2570 coelt'
941 2515 1134 2566 convenicae·
1159 2520 1303 2567 conualu-

200 2609 343 2682 tionerqnc
361 2616 447 2661 tuntoe
461 2609 538 2674 fiunt
556 2611 674 2664 adceeeu
694 2614 840 2664 eteltarum
859 2614 885 2661 et
903 2613 1044 2669 recessu),
1079 2606 1138 2659 itu.
1156 2607 1203 2671 11,
1244 2604 1305 2671 lta,

200 2697 250 2753 ubi
269 2701 344 2753 idem
364 2704 400 2754 At
420 2703 488 2754 enim
514 2703 600 2755 ecrilri
627 2705 754 2759 uolebat.
810 2704 874 2755 lloc
899 2699 997 2751 etenim
1024 2706 1090 2752 ante
1117 2698 1170 2752 lroe
1200 2715 1305 2768 paucos

201 2811 290 2849 aanor
310 2812 324 2846 e
343 2795 423 2849 codd.
444 2793 555 2848 rcetitni
573 2796 703 2850 Ciceroni
723 2797 751 2850 in
771 2801 842 2849 orat.
865 2810 916 2862 pro
936 2792 1029 2845 Balbo
1048 2793 1061 2859 ᾗ
1080 2790 1116 2843 et
1134 2790 1260 2858 (Etenim
1277 2791 1306 2842 ia

203 2887 237 2938 P.
256 2888 292 2945 R.
308 2905 400 2956 grene
418 2889 458 2954 et)
476 2893 504 2941 et
522 2886 558 2939 32
575 2888 699 2956 (Etenim
719 2889 843 2958 paredam
858 2885 976 2951 foedera
997 2887 1115 2950 extant).

273 2979 501 3049 terraconensi
531 2981 695 3035 auctoritati
722 2980 827 3035 codicis
848 2979 910 3031 Eri.
930 2978 980 3044 (de
1006 2977 1108 3029 ecterie
1134 2976 1306 3032 melioribne

202 3071 336 3139 siletur),
373 3091 458 3143 quom
479 3077 635 3143 presertim
657 3074 771 3128 saciliue
790 3071 818 3126 in
838 3077 959 3130 alteram
978 3082 1090 3145 purtem
1111 3070 1251 3123 aberrare
1270 3069 1306 3122 li-

202 3161 293 3217 hrarii
316 3169 461 3232 potuerint
491 3174 608 3235 propter
626 3168 669 3219 ab.

274 3254 346 3305 Num
373 3260 405 3306 ut
432 3254 616 3309 Terentianum
644 3257 784 3324 Cdremee)
813 3261 949 3313 Errorem
978 3260 1039 3312 cod.
1070 3260 1102 3313 P.
1132 3265 1246 3314 secutae
1265 3269 1308 3316 eet

202 3347 424 3411 Lallemandue‚
444 3347 560 3409 obiitne,
579 3348 735 3417 particulae
753 3356 785 3400 nt
801 3378 836 3391 —-
856 3352 896 3404 rie
913 3369 967 3405 non
989 3349 1080 3404 minue
1099 3352 1168 3420 poni
1187 3352 1217 3405 in
1238 3371 1308 3408 eon·

201 3439 299 3493 trariie
317 3438 503 3509 conparandie
521 3457 606 3510 quam
626 3439 653 3492 in
672 3440 831 3506 eimiiilme;
859 3442 916 3497 uid.
935 3444 1019 3497 modo
1038 3443 1122 3497 huiue
1141 3443 1239 3512 operia
1256 3447 1307 3500 lilr.

203 3537 226 3595 1,
244 3531 279 3584 49
298 3532 397 3592 0167,
418 3532 456 3594 ll,
476 3532 512 3585 67
534 3545 561 3584 et
581 3532 643 3593 100,
663 3535 730 3586 cett.

274 3630 324 3676 ant
340 3625 446 3699 aliquid
460 3625 540 3689 serre
558 3622 689 3700 denique)
709 3628 814 3682 Uereue
842 3635 885 3682 eet
918 3646 952 3681 er
973 3627 1205 3684 Heautontimor.
1224 3635 1258 3694 1,
1279 3629 1307 3694 1,

202 3715 254 3777 17,
275 3716 324 3769 uui
346 3716 482 3769 Chremes
502 3710 703 3772 Menedemum
723 3721 867 3781 admonet,
888 3725 919 3773 ut
937 3720 991 3772 eibi
1011 3727 1118 3789 parret.
1156 3721 1307 3776 Bentleine

203 3826 237 3861 ex
256 3807 423 3880 Eugraplrio
443 3815 471 3861 et
489 3810 601 3864 Donato
619 3812 654 3864 ad
675 3812 791 3865 Plrorm.
812 3814 841 3873 1,
875 3810 910 3873 2,
939 3811 973 3864 71
994 3812 1066 3882 legit
1083 3814 1192 3887 aliquid
1206 3816 1309 3879 fecere

204 3901 327 3974 denique.
373 3899 511 3970 Equidem
541 3904 613 3973 apud
641 3904 807 3958 Terentium
833 3901 891 3956 illie
920 3903 1082 3968 ementior,
1120 3905 1168 3974 qui
1196 3922 1213 3959 a
1237 3923 1308 3959 noce

204 3992 319 4065 denique
338 4009 442 4045 nouam
460 3996 631 4048 sententiam
649 3996 776 4065 incipere
792 4001 942 4059 etatuunt3
960 4012 1026 4049 nom
1044 4003 1195 4066 pottquam
1215 4000 1307 4052 Chre·

205 4100 264 4138 mee
283 4082 354 4136 dixit
373 4091 429 4138 tum
447 4105 527 4140 mune
545 4093 573 4140 et
592 4095 648 4139 tam
667 4090 793 4156 uesperi,
813 4087 933 4158 conligit
951 4088 1064 4141 omnia:
1093 4089 1211 4162 denique
1232 4089 1307 4143 Nul-

203 4178 260 4230 lum
278 4178 395 4230 remittit
414 4185 529 4248 tempas.
574 4181 700 4232 Donatue
721 4177 833 4248 quidem
854 4164 905 4248 lad
923 4182 1041 4235 Phorm.
1061 4181 1081 4233 1.
1103 4180 1143 4246 r.)
1165 4181 1223 4235 hoc
1244 4183 1307 4237 loro

204 4269 304 4336 utitur,
323 4277 353 4324 ut
370 4273 517 4338 ostendat,
537 4274 630 4325 colere
647 4271 815 4325 Terentium
837 4273 952 4341 denique
970 4272 997 4325 in
1017 4272 1075 4326 fine
1095 4287 1225 4339 ponem
1252 4290 1305 4327 nec

205 4366 299 4417 tamen
318 4363 410 4417 minue
432 4356 598 4436 lrequcnter
618 4362 697 4419 initio
715 4363 805 4434 ponit,
823 4369 855 4418 ut
877 4367 946 4418 Eun.
968 4365 1046 4420 Prol.
1067 4364 1113 4423 to,
1135 4363 1305 4430 Andr.1‚l
