2706 5018
127 371 170 431 bb
471 363 532 428 DE
554 361 731 430 FINIBUS
754 360 856 428 BON.

130 575 166 625 ut
194 559 277 625 nibil
309 560 439 624 bomine
473 560 625 624 uidentur
656 560 835 645 indignius.
899 556 951 621 Ad
983 561 1106 622 maiore
1137 561 1209 624 enin

132 671 292 756 quaedam
318 689 378 732 noe
403 681 519 731 natura
544 668 658 753 genuit
680 678 714 729 et
739 667 977 744 consumunmt,
998 677 1035 729 ut
1056 665 1137 730 mibi
1155 669 1209 752 qui

129 779 204 842 dem
227 776 368 840 uidetur.
410 775 461 839 Ae
485 772 558 838 fieri
582 785 702 858 potest,
727 786 763 835 nt
789 795 917 848 errem3
941 774 998 837 ned
1021 773 1069 836 itn
1093 794 1209 858 proren

132 887 313 960 existumo,
333 903 438 968 neque
461 903 535 944 eum
554 878 772 964 Torquatum,
793 883 849 966 qui
873 880 935 944 hoc
958 882 1082 967 primur
1105 900 1209 967 cogno

131 1014 206 1056 men
225 992 364 1069 inuenit,
396 1003 452 1053 nm
478 1002 626 1071 torquem
650 984 745 1048 illum
770 985 858 1051 hosti
881 988 1081 1066 detraxisse,
1107 1001 1140 1050 ut
1162 984 1209 1050 nli

131 1118 228 1184 quum
259 1118 305 1159 ex
331 1119 371 1162 eo
396 1100 580 1183 perciperet
603 1114 739 1178 corpore
761 1091 978 1180 uoluptatem,
999 1107 1057 1158 nnt
1079 1115 1149 1158 cum
1161 1092 1209 1157 br·

184 1315 349 1369 conseruauit)
368 1313 528 1367 confirmauit
545 1310 575 1356 R.
630 1323 707 1366 neque
722 1311 789 1364 euru)
803 1323 834 1355 ne
851 1312 918 1355 enim
932 1311 955 1356 tt
1009 1310 1108 1368 primur)
1123 1308 1209 1367 prtueb

128 1395 264 1450 cognomen)
282 1391 452 1449 cognitionem
465 1387 486 1430 tt
521 1385 623 1441 inuenit)
637 1388 767 1431 inuenerit
782 1386 936 1432 remonon.
965 1399 1064 1445 corpere
1080 1385 1209 1444 uotupntm]

129 1471 241 1527 corpori·
258 1468 308 1512 nat.
323 1467 350 1511 M
365 1464 416 1509 nat.
433 1477 534 1520 corpore
548 1463 588 1508 0r.

200 1674 285 1733 neque
316 1673 376 1709 eum
398 1651 581 1728 Torquatum)
613 1652 706 1720 Quom
727 1652 848 1707 duorum
868 1655 1082 1723 Torquntorum
1102 1651 1209 1722 exempli

131 1755 395 1806 conmemornturue
413 1748 504 1810 erret,
546 1762 661 1799 exortus
682 1751 724 1798 ert
743 1761 760 1798 ιι
779 1746 873 1799 forme
891 1744 1075 1802 diiunctionis
1093 1744 1209 1815 negetiur

129 1845 231 1916 (neque
251 1869 285 1884 -
302 1839 421 1908 neque),
440 1839 488 1892 red
509 1836 603 1909 priore
622 1846 705 1910 pnrtc
723 1835 837 1907 longius
860 1838 968 1902 tracte,
1006 1840 1129 1892 niteram
1147 1835 1209 1892 ulite

128 1935 263 1991 tubiecitr
305 1934 378 1998 Quia
399 1929 431 1982 Τ.
455 1928 613 2004 Torquatus
640 1930 694 1984 tire.
753 1928 817 1984 Uid.
846 1948 902 1984 err.
930 1931 966 1984 de
991 1930 1146 1985 bimembri
1165 1944 1209 1984 ert

130 2026 207 2081 tione
225 2025 384 2094 interrupte
403 2023 437 2076 nd
459 2024 489 2074 1ι.
508 2024 527 2075 i.
582 2024 676 2096 lpmm
698 2025 733 2076 Τ.
753 2021 845 2076 Manli
864 2021 1003 2093 Torquati
1024 2039 1149 2094 pugnem
1167 2040 1209 2077 eru

129 2118 215 2172 Gallo
234 2118 270 2170 nd
292 2116 428 2168 Anienem
447 2121 474 2167 ct
502 2116 632 2184 torquem
659 2132 727 2168 eece
756 2114 832 2168 horti
861 2116 1021 2170 detructum
1047 2116 1127 2169 ieme
1156 2116 1209 2169 ectr

128 2208 245 2274 brnuit;
264 2206 321 2261 uid.
345 2207 408 2261 Liu.
427 2209 493 2272 vu,
514 2205 563 2270 lt),
602 2202 740 2277 Quadrig.
759 2208 834 2278 nputi
855 2207 932 2262 Geli.
952 2208 1013 2275 IX,
1039 2208 1092 2274 lt,
1111 2209 1209 2263 Fient

128 2295 163 2355 1'3
182 2299 235 2355 &c

198 2409 347 2463 cognomen
368 2391 661 2462 inuenit)1’errouum
687 2391 786 2446 delinit
804 2411 837 2448 ex
861 2395 983 2450 historio
1009 2399 1090 2448 extra
1117 2391 1209 2447 retice

128 2485 266 2539 cretionis
292 2483 415 2554 oblique
452 2503 563 2540 nexum.
618 2486 718 2554 Itequc
757 2485 954 2557 requirebatur
979 2485 1151 2540 indicetiuor
1175 2502 1209 2539 na

128 2576 222 2630 minue
240 2576 288 2629 hic
307 2592 391 2647 quern
412 2575 440 2628 in
462 2577 579 2631 Turoni.
605 2579 661 2642 lv,
700 2576 750 2630 ⁴9:
790 2596 842 2648 ego
868 2597 903 2632 ne
935 2579 1105 2655 Torquatum
1125 2579 1209 2654 quide

128 2669 226 2734 illum,
263 2670 377 2745 quibua
397 2682 547 2738 cognomen
575 2670 746 2731 inuenit,
785 2673 888 2726 iratum
917 2673 1049 2725 existumo
1070 2672 1155 2724 Galle
1175 2679 1209 2724 tot

128 2780 207 2830 quem
226 2762 390 2816 detrusisse.
445 2764 539 2835 Atque
563 2763 610 2815 hic
638 2781 790 2817 concursus
818 2763 1012 2819 memorabili·
1031 2764 1111 2818 illine
1131 2763 1209 2819 lori<

128 2853 239 2927 optumi
259 2854 361 2909 cadicio
378 2855 404 2908 ia
424 2856 510 2910 ctinm
530 2855 647 2909 eciicere
669 2856 770 2921 debet,
808 2864 839 2910 ut
863 2857 890 2910 in
918 2857 1058 2912 similibus
1086 2858 1158 2913 ioeir
1177 2857 1209 2911 ιιΙῘ

127 2946 194 3019 quid
213 2946 316 3002 rationi
337 2946 503 3013 tribuetur,
530 2949 604 3018 qnod
624 2944 845 3020 Wesenbergini
864 2947 927 3003 inre
948 2950 1015 3003 iecit
1032 2949 1061 3002 in
1079 2964 1209 3022 progrnn

128 3047 206 3094 mete
225 3041 259 3093 de
281 3047 352 3095 oret
374 3040 511 3095 Gneliunn
529 3060 556 3112 p.
578 3040 623 3102 15,
643 3041 677 3093 dc
697 3044 777 3096 Brut.
795 3041 831 3095 57
849 3049 877 3096 et
893 3043 929 3097 79
948 3041 1101 3097 Schnetuio
1131 3042 1209 3097 eduen

127 3132 200 3186 tium
220 3131 292 3186 etin
315 3138 387 3186 oret.
408 3133 443 3185 de
463 3132 545 3203 inper
573 3134 672 3205 Pomp.
692 3133 710 3187 b
729 3151 744 3187 e
762 3135 916 3190 scholiasta
942 3133 1129 3189 Gronouieno
1149 3140 1209 3189 rent]

128 3230 228 3277 tuente
248 3224 312 3276 Ιιιιίε
331 3225 380 3297 qni
396 3225 537 3279 erecceerit.
577 3228 633 3279 Sed
654 3229 822 3293 eruendum,
844 3246 879 3281 ne
899 3226 960 3298 quir
980 3245 1027 3281 cor
1047 3225 1134 3282 etium
1154 3228 1209 3282 lert

128 3315 278 3386 adtinget,
298 3315 325 3367 in
346 3315 447 3386 quibus
468 3317 539 3370 latet
558 3318 655 3389 ulique
673 3325 723 3373 ent
740 3335 844 3372 enuere
863 3325 912 3374 eut
932 3316 1067 3373 contrarii
1086 3318 1209 3391 rigniflet

128 3408 189 3472 tic,
208 3409 289 3461 uelut
308 3425 358 3477 pro
377 3407 474 3462 Flncc.
495 3408 530 3461 88
548 3409 630 3479 (ubit
655 3411 704 3487 qui
722 3412 753 3464 l..
775 3411 876 3466 Flacca
898 3414 1080 3480 successerit,
1102 3421 1209 3487 erttqr

127 3506 219 3551 tumen
243 3500 335 3552 ecdem
354 3500 413 3552 teca
427 3503 533 3570 suerit)
552 3508 581 3557 et
598 3503 634 3558 tul
654 3504 714 3558 Art.
736 3503 810 3569 xit,
829 3503 882 3568 21,
901 3508 917 3558 1
938 3505 1085 3573 (Caturia,
1105 3504 1156 3581 qur'
1172 3512 1209 3560 tu

127 3590 260 3658 praetarr'o
282 3590 342 3643 ioco
364 3593 487 3664 dicerit).

198 3701 314 3754 corpore
331 3687 519 3757 uoluptatem)
555 3690 728 3758 uatrtptatcm
758 3706 873 3759 corpore
895 3690 982 3745 θείω
1005 3691 1132 3747 etribur
1152 3689 1209 3746 ιιιΙι

128 3783 245 3846 qnnrtur
264 3777 390 3832 hnbcbnt
411 3780 584 3847 uoluptatem
611 3782 743 3849 eorporis.
800 3780 908 3837 Uitioee
932 3781 1099 3838 dissoluitur
1124 3782 1209 3839 uerbt

126 3881 192 3918 rum
209 3884 351 3938 conpages
370 3870 498 3924 ablutiuo
518 3871 545 3924 in
565 3873 710 3927 ultumum
728 3876 823 3929 locum
844 3875 967 3941 reiecto,
995 3883 1023 3930 et
1049 3877 1123 3949 quoti
1146 3892 1209 3932 uere

126 3964 207 4010 retur
227 3959 326 4012 cedem
346 3977 399 4013 nux
418 3962 462 4014 bit
481 3961 508 4016 iu
528 3963 584 4018 fine
604 3965 748 4020 sententie
764 3966 874 4036 ponite,
907 3985 1023 4038 prorem
1050 3967 1079 4020 in
1103 3964 1209 4022 eineder

127 4048 249 4102 notionir
268 4052 438 4120 repetitione
460 4054 499 4108 ric
517 4053 582 4125 poni
603 4057 696 4112 debet.
747 4058 819 4112 Dnn.
849 4077 866 4112 e
885 4059 952 4116 Pur.
971 4062 988 4114 l
1007 4066 1035 4114 et
1055 4058 1209 4114 botuuini

126 4157 241 4209 corpore
258 4144 414 4212 perciperet
439 4147 619 4215 uatrrptatcm.
675 4146 790 4204 Scilicet
827 4151 926 4206 scribe
960 4152 1169 4208 coniunxerunt
1197 4168 1209 4207 t

127 4253 158 4289 eo
177 4252 299 4303 corpore.
338 4237 458 4290 Delendi
477 4239 612 4294 nocebuii
631 4241 712 4294 nulle
731 4248 758 4295 tt
776 4241 870 4308 retia,
889 4260 974 4313 quom
992 4245 1048 4300 boe
1066 4243 1161 4316 iprum
1179 4245 1209 4301 Gi

126 4343 191 4383 cero
210 4328 333 4399 premnt,
352 4330 479 4401 corporir
497 4347 557 4386 eree
574 4330 654 4387 illem
674 4335 862 4404 uoluptatem.
898 4336 958 4391 cir.
977 4336 1010 4392 N.
1032 4337 1066 4393 Ι).
1086 4337 1111 4402 i.
1131 4336 1194 4392 111.
