2706 5018
372 370 430 438 ΕΤ
453 370 562 437 MAL.
586 369 670 436 LlB.
692 371 724 435 V
748 371 845 437 CAP.
868 377 918 437 ru.
1127 378 1192 441 713

129 566 228 626 moueri
249 564 382 629 dicerer.
437 571 596 632 Somnum
616 567 757 652 denique
780 567 895 646 nobis,
925 569 987 629 nisi
1011 573 1192 654 requietem

128 668 294 752 corporibus
318 684 351 734 et
374 673 567 736 medicinam
590 674 752 759 quandam
775 672 898 736 laboris
919 674 1079 753 adferret,
1116 698 1193 740 con·

128 782 165 835 tra
188 789 333 841 naturam
375 792 562 862 putaremus
596 781 718 842 datum.
795 779 914 842 Aufert
947 781 1034 841 enim
1076 802 1192 844 sensere

128 879 329 968 actionemque
350 883 438 947 tollit
457 907 598 949 omnem.
639 885 754 971 ltaque
785 887 813 946 si
838 897 894 947 aut
925 887 1103 970 requietem
1135 911 1193 952 na-

127 994 182 1048 tura
201 1007 262 1050 non
294 1004 465 1074 quaereret
494 1004 551 1054 aut
584 1014 655 1054 eam
679 1004 790 1076 posset
815 990 881 1053 alia
904 993 1041 1077 quadam
1066 995 1193 1055 ratione

127 1095 276 1178 consequi,
318 1095 417 1158 facile
437 1110 641 1178 pateremur,
682 1101 736 1182 qui
763 1098 861 1158 etiam
885 1118 970 1160 nunc
992 1099 1111 1183 agendi
1133 1098 1194 1162 ali·

127 1198 185 1279 quid
212 1201 423 1286 discendique
456 1224 572 1266 caussa
604 1224 705 1289 prope
739 1216 852 1266 contra
884 1217 1032 1266 naturam
1060 1203 1193 1289 uigilias

126 1307 267 1389 suscipere
289 1306 468 1371 soleamne.

198 1411 278 1477 XX.
325 1415 377 1476 55.
400 1415 484 1478 Sunt
507 1426 616 1477 autem
639 1416 738 1478 etiam
760 1415 901 1479 clariora
925 1415 979 1479 uel
998 1415 1096 1501 plane
1122 1437 1194 1500 per-

126 1515 218 1594 tpicua
250 1521 459 1605 minumeque
491 1517 669 1583 dubitanda
693 1521 813 1584 indicia
841 1535 997 1600 naturae,
1040 1542 1196 1585 maxume

126 1619 231 1686 teilicet
253 1627 286 1687 in
311 1624 464 1703 homine,
489 1626 545 1688 sed
569 1628 602 1688 in
626 1629 714 1689 omni
737 1626 891 1706 animali,
917 1640 952 1689 nt
971 1628 1103 1711 adpetat
1125 1630 1195 1689 ani-

125 1740 182 1789 mur
210 1752 308 1815 agero
334 1753 464 1814 semper
483 1730 606 1816 aliquid
632 1754 737 1816 neque
755 1731 823 1796 ulla
845 1733 1036 1795 condicione
1053 1734 1194 1817 quietem

124 1837 337 1919 senpiternam
371 1839 473 1921 possit
495 1839 573 1920 pati.
646 1837 758 1902 Facile
782 1852 813 1900 st
838 1838 898 1902 lroo
922 1860 1054 1902 cernere
1078 1841 1110 1901 in
1132 1841 1196 1923 pri·

123 1934 174 1999 mir
199 1962 372 2026 puerorum
398 1943 562 2006 aetatnliu
634 1943 840 2028 Quamquam
863 1948 948 2008 enim
973 1965 1109 2023 uereor,
1155 1967 1194 2006 ne

121 2039 226 2109 ninius
246 2049 280 2110 in
306 2047 367 2111 hoc
390 2071 511 2134 genere
530 2051 666 2127 uidear,
712 2064 820 2113 tamen
842 2073 955 2114 omnes
975 2064 1105 2114 ueteres
1127 2050 1199 2134 phi·

121 2134 254 2236 losophi,
280 2174 435 2218 maxume
459 2160 580 2233 nostri,
600 2157 639 2218 ad
667 2155 864 2220 incunabula
890 2158 1063 2235 adoedunt,
1087 2159 1197 2242 quiin

119 2260 248 2328 pueritia
272 2257 437 2323 facillume
459 2283 496 2324 se
521 2261 720 2326 arbitrentur
733 2277 868 2326 naturae
883 2263 1085 2326 uoluntatem
1101 2284 1197 2348 porse

166 2452 306 2509 torporibur)
322 2453 459 2507 eorportrc
483 2454 530 2499 ult·
544 2454 767 2513 quadamque-0
796 2456 1127 2512 poteremuerutaremurE
1154 2457 1202 2513 qui)

116 2526 205 2573 niun
228 2528 401 2581 etiamnum?
428 2531 523 2586 uendi)
539 2533 655 2589 inoffi?
709 2532 744 2574 ⁵5.
758 2530 838 2584 eiiam)
853 2531 972 2576 otidum.
986 2533 1063 2584 1,(Ρ)0
1091 2532 1202 2588 clariora)

115 2602 192 2646 *tr-E
258 2605 477 2662 minumeque)nee
493 2608 620 2651 nucuur.
685 2605 880 2660 indiciorum
945 2606 1041 2662 aliquid)
1056 2614 1110 2650 ante
1126 2620 1203 2663 ogero

112 2666 235 2723 Helior-
279 2680 353 2738 ponit
367 2682 560 2740 patiiputr'p.11
594 2682 645 2735 hoc)
660 2681 747 2724 lraeec
781 2681 948 2733 culmum]
979 2680 1106 2736 quinceu
1119 2680 1203 2724 uren

112 2752 264 2811 urrerem)
278 2758 438 2802 urditruntur
452 2758 495 2802 LR
528 2758 682 2810 uoluntatem)
696 2757 792 2813 nolum.
806 2770 895 2801 omnen.

111 2920 200 2974 tremo
219 2922 311 2992 capite
329 2924 395 2997 quie
415 2923 496 2976 etiam
514 2941 566 2995 pro
586 2924 634 2999 qui
650 2923 732 2976 etium
751 2921 837 2976 Gziur
848 2921 876 2974 in
895 2921 960 2975 aliie
978 2938 1090 2994 quoque
1103 2928 1212 2990 preter

111 3006 170 3067 En.
190 3014 347 3084 repperisse
365 3017 490 3080 uiderur3
536 3016 571 3067 de
597 3017 675 3069 nullo
694 3016 794 3069 rcribit
812 3014 990 3068 nominatim.
1047 3014 1206 3086 Redarguit

110 3106 303 3161 wuiunciiuor
334 3108 470 3161 courrulir
487 3108 662 3174 (deleamur).

180 3202 249 3268 (lap.
263 3198 333 3263 XX,
351 3199 395 3253 55.
433 3207 524 3253 nutem
544 3201 637 3269 etiarn)
657 3198 847 3252 l'orlcriorrm
862 3215 960 3252 uocem
977 3215 1010 3252 er
1028 3200 1099 3263 Eri„
1119 3198 1205 3267 Spin,

116 3288 178 3344 Bur.
201 3291 289 3345 Geiur
309 3292 434 3355 addidit3
470 3293 566 3345 mulin
585 3300 654 3345 uett.
674 3291 735 3344 edd.
755 3293 873 3355 (Mera,
893 3289 986 3359 Cret.)
1006 3309 1038 3343 cx
1057 3293 1082 3343 R
1103 3291 1210 3343 hebent

117 3388 149 3436 ct.
179 3383 288 3436 Deinde
305 3385 473 3458 minumcquc
494 3384 647 3436 dubitanda
667 3383 753 3437 ctiam
774 3400 842 3452 mgo
862 3383 957 3445 Grau,
982 3382 1008 3434 id
1028 3390 1087 3446 eet,
1106 3381 1208 3433 melior

118 3472 245 3539 irmillo3
283 3491 348 3527 uum
370 3477 455 3528 Gniur
480 3475 565 3530 etium
595 3476 630 3527 dc
656 3476 716 3528 Eri.
742 3483 825 3528 tacet.
880 3475 982 3527 Paullo
1003 3473 1209 3545 portordinem

116 3568 268 3620 uerborum
286 3568 386 3635 (ogere
406 3584 429 3621 r.
449 3568 503 3634 ul.)
524 3570 617 3620 orolo
639 3568 699 3622 Eri.
719 3566 834 3636 sumpsi.
892 3566 957 3619 lloec
975 3568 1040 3636 (pro
1067 3554 1130 3629 lrocl
1150 3583 1209 3617 cer-

116 3672 177 3712 nere
197 3676 229 3712 cx
249 3660 292 3712 ed.
311 3658 404 3728 primo
424 3659 459 3712 ad
479 3660 575 3720 Man„
594 3661 734 3724 Licinum,
753 3660 836 3712 Grut.
855 3665 1045 3729 propagatum
1064 3659 1091 3711 rt
1110 3658 1210 3710 contro

119 3751 224 3805 narce·
243 3752 314 3804 Bau.
331 3751 414 3816 (Par.
433 3751 459 3815 1,
478 3751 504 3815 3,
523 3753 640 3816 Medd),
658 3753 737 3815 01¹„
758 3748 819 3804 Gai.

182 3844 283 3917 qui-
303 3843 488 3911 arbitrentur)
508 3844 556 3897 Sic
575 3841 808 3911 (ieiunosque,
846 3838 1125 3905 Er1.‚monacemt;
1163 3839 1212 3908 qui

118 3934 203 3989 ettam
222 3933 248 3998 ξ.
283 3936 431 3989 Edcbuiur
449 3936 525 3989 enim
544 3937 617 4009 quod
634 3963 669 3977 -
687 3935 873 3996 arbitrentur3
900 3931 928 3984 ia
947 3932 1004 3996 Εχ,
1038 3931 1129 3983 tribue
1157 3932 1211 3985 uu

115 4032 178 4081 crat
195 4027 271 4101 quod
288 4053 321 4066 -
339 4028 523 4093 arbitrantur,
545 4033 575 4079 nt
594 4026 739 4079 Uictorino
754 4021 850 4086 edidit,
868 4022 943 4092 quod
958 4038 1127 4092 quemquam
1148 4042 1211 4079 cor-

114 4119 235 4191 rigendo
255 4121 355 4171 uatum
372 4125 407 4183 rt,
426 4120 504 4172 haud
523 4118 581 4171 ecio
600 4134 635 4170 an
654 4118 748 4172 nerim
767 4115 813 4170 rit.
849 4116 947 4184 Neque
965 4115 1039 4168 enim
1056 4132 1090 4168 ea
1109 4133 1212 4169 cauere

110 4207 304 4283 nignianum,
345 4228 405 4282 quo
432 4228 465 4264 cr
485 4210 667 4264 coniunctiuo
693 4210 777 4262 modo
804 4207 887 4261 uerbi
914 4207 1059 4262 eontentio
1084 4207 1212 4260 relatiua

113 4294 224 4368 oritur,
252 4302 319 4357 huic
342 4304 404 4356 ioco
424 4305 492 4374 apia
512 4301 632 4356 uidetur.
674 4303 747 4355 Nam
765 4299 932 4372 pronomine
950 4300 1075 4351 relatiua
1102 4296 1144 4349 ric
1161 4298 1212 4350 ad·

112 4392 246 4466 iungitur
280 4394 390 4450 notatio
423 4397 453 4448 ot
486 4393 637 4464 descriptio
664 4398 717 4461 cut,
746 4398 889 4463 perpetue
925 4391 1070 4444 uniendam
1106 4394 1213 4443 nature
