2706 5018
387 353 447 420 ΕΤ
469 353 578 421 MAL.
599 351 683 420 LlB.
707 355 738 420 V
760 354 857 420 CAP.
877 357 930 422 ‘dt-
1137 357 1200 419 793

119 559 282 634 repertam
305 570 400 634 quam
426 564 564 625 ceteras,
588 550 674 636 quod
697 551 826 637 quidam
851 552 882 613 ei
903 550 1018 612 deesse
1040 546 1202 611 dicebant.

122 650 197 718 Non
220 676 317 740 quam
339 669 483 722 nostram
514 657 664 743 quidem,
708 659 814 743 inquit
842 656 1041 741 Pomponius
1072 654 1203 725 iocaus;

120 760 178 823 red
202 760 389 826 mehercule
410 777 564 850 pergrata
582 762 663 827 mihi
683 765 788 827 oratio
807 775 873 825 tua.
920 759 1014 836 Quae
1032 761 1118 822 enim
1138 759 1204 821 dici

118 860 241 930 Latine
263 889 359 950 posse
382 891 448 932 non
480 868 683 948 arbitrabar,
725 890 765 933 ea
793 869 881 932 dieta
909 877 1100 942 cantate,
1143 885 1204 927 noc

115 973 230 1037 minus
254 971 370 1058 plane,
415 998 512 1062 quam
541 976 691 1040 dicuntur
720 998 741 1040 a
773 973 926 1053 Graecis,
969 969 1079 1035 uerbis
1107 972 1203 1055 aptis.

115 1076 188 1142 sed
211 1092 340 1166 tempus
366 1094 434 1160 est,
479 1084 509 1146 si
532 1083 678 1158 uidetur;
723 1097 757 1147 et
785 1093 874 1146 recta
907 1079 1034 1166 quidem
1065 1078 1107 1140 ad
1137 1097 1201 1140 me.

172 1266 276 1324 qnidam)
290 1270 386 1327 patuerit
402 1268 443 1313 BL
472 1269 525 1314 lton
539 1271 617 1326 quan)
630 1282 760 1328 numqaum
772 1269 856 1316 lrl'ctt
882 1264 1205 1326 tuqurrl’onp.)1³.nq.lt

110 1343 211 1398 neritia)
224 1349 314 1403 traurp.
329 1348 383 1401 post
392 1344 469 1402 plane
483 1345 504 1389 a
531 1346 569 1400 acl)
586 1359 602 1391 a
614 1346 656 1391 aa

111 1518 336 1591 philosophias,
372 1539 428 1576 non
447 1523 631 1594 philosophos
654 1530 806 1594 conparet,
841 1520 1000 1576 necessario
1030 1524 1093 1589 post
1114 1518 1204 1572 illud:

117 1628 182 1664 eam
199 1611 404 1682 philosophiam
410 1649 421 1676 ,
458 1616 537 1670 eatur
555 1618 622 1687 (nec
639 1614 725 1670 aliter
743 1614 967 1685 intellegebant,
1001 1612 1050 1682 qui
1074 1629 1133 1666 enm
1150 1627 1207 1664 non

118 1702 283 1774 habebant)
303 1706 450 1760 dicendum
468 1714 549 1764 crat:
568 1725 647 1784 quanm
665 1706 852 1776 porrectiones
871 1706 1053 1770 retinerem,
1086 1721 1158 1769 nou,
1177 1709 1209 1757 ut

119 1797 272 1862 edebatur,
291 1799 473 1864 reticuerunt,-
492 1807 530 1863 et,
548 1818 584 1853 na
602 1799 664 1869 quia
682 1798 775 1862 dicat,
794 1797 952 1853 orationem
970 1795 1091 1853 transire
1109 1812 1127 1849 a
1142 1794 1207 1865 phi-

118 1888 261 1958 losophiis
282 1893 318 1944 ad
337 1891 542 1962 philosophae,
561 1909 680 1962 quorum
700 1909 738 1946 en
750 1888 821 1955 sint,
841 1890 982 1960 aequitare
1003 1889 1084 1943 etiam
1100 1889 1207 1940 acatio-

123 1997 185 2073 rtpn
203 1988 339 2050 repertam
358 2000 438 2057 pram
455 1989 616 2037 ceterae.
652 1985 715 2039 Noa
733 1981 864 2038 dubitaui
886 1981 975 2052 igitur
992 1981 1127 2034 mendum
1145 1997 1208 2034 cor·

118 2072 242 2141 rigere,
261 2076 334 2143 quod
353 2075 573 2146 Wesenbergius
595 2092 705 2147 quoqne
722 2071 850 2130 correxit.
878 2075 1090 2144 Reprehensum
1107 2072 1135 2126 ia
1154 2073 1209 2125 Po-

118 2163 279 2235 ripateticis
309 2164 462 2220 dialectica
479 2167 688 2240 ignorationem
707 2168 737 2219 et
756 2166 946 2220 desideratum
966 2181 1083 2219 acumen
1103 2166 1139 2218 ad
1158 2165 1209 2228 Ill,

118 2257 156 2310 tl
176 2255 306 2313 uidimus.
362 2261 404 2313 De
421 2259 528 2314 diutule
545 2267 639 2314 auteur
660 2266 689 2313 et
711 2258 800 2330 copiis
829 2257 913 2312 huius
938 2258 1042 2313 schola
1060 2259 1096 2311 ad
1115 2255 1211 2311 omnia

119 2347 219 2404 atudia
237 2351 363 2403 ornanda
381 2351 447 2404 Piso
467 2352 537 2405 dixit
555 2354 569 2421 t
586 2353 622 2417 7,
639 2352 679 2406 Μ.
697 2352 796 2405 cicero
816 2351 855 2404 1v
877 2353 891 2419 5
911 2351 929 2404 o
948 2368 1008 2422 sqq.

196 2440 259 2493 Non
277 2461 357 2516 quom
375 2452 498 2496 nostram
518 2445 637 2519 quidem)
673 2443 842 2513 Epicuream
870 2445 972 2498 saltem
991 2442 1124 2511 (quidem)
1143 2457 1210 2494 acu·

125 2531 208 2587 mine
225 2550 242 2586 a
261 2533 453 2602 Peripatetico
469 2535 545 2588 uinci
564 2535 673 2589 Atticas
697 2541 801 2605 negat,
836 2535 1028 2588 accuratiuonr
1053 2533 1212 2588 certinaans

122 2624 227 2694 Quinti
246 2626 385 2691 orationi3
403 2629 460 2681 uid.
480 2630 516 2681 ad
534 2628 577 2692 ll,
594 2626 640 2680 88.
678 2628 785 2680 Uarum
802 2624 985 2695 scripturam,
1005 2644 1089 2696 quam
1109 2628 1211 2680 Manu-

123 2716 183 2771 tius
205 2718 291 2771 tacite
308 2719 452 2786 restituit,
485 2721 634 2774 confirmat
653 2719 739 2773 etiarn
758 2717 833 2787 Spir.
869 2718 986 2772 Codices
1001 2718 1101 2772 Danisi
1120 2724 1148 2770 et
1166 2735 1212 2770 ce-

122 2808 181 2862 teri
201 2809 254 2862 Gai
272 2828 433 2886 numqaum,
455 2819 487 2866 at
508 2811 643 2866 editiones
661 2819 728 2866 ante
744 2809 924 2875 Munatium
942 2811 1011 2864 (lxx.
1032 2811 1105 2863 nihil
1124 2810 1211 2863 adno-

122 2907 187 2956 tare
205 2902 305 2958 miror.
340 2905 404 2957 Bas.
423 2910 451 2957 et
470 2905 544 2959 Gud.
563 2909 683 2972 uterque
701 2901 871 2957 omittebant
888 2903 1004 2978 quidem.
1034 2903 1110 2956 Turn
1130 2902 1211 2953 Pom-

122 2993 226 3062 ponius
247 2995 334 3063 iuquit
352 2996 464 3050 Marsus
484 3014 517 3050 cx
535 2999 580 3061 R,
599 2996 673 3049 (lad.
691 2996 726 3061 1,
742 3002 771 3049 et
788 3003 903 3050 secutus
921 3003 964 3049 eut
984 2995 1085 3059 Gaium
1103 2993 1161 3047 uid.
1177 2994 1214 3046 ad

123 3090 163 3149 11,
183 3086 228 3138 11.
263 3087 331 3140 Post
349 3087 417 3139 milri
435 3088 569 3143 exciditne
588 3089 712 3142 arbitror
726 3089 801 3154 soit,
821 3088 894 3158 qnod
913 3089 1012 3141 abeam
1031 3087 1059 3139 in
1076 3087 1131 3139 hae
1149 3101 1214 3140 ora·

124 3178 221 3242 tione,
240 3179 291 3232 illo
310 3179 466 3250 prasertim
485 3186 623 3250 tempore,
644 3197 699 3233 non
718 3187 818 3250 potest.
843 3180 960 3245 (lubinus
973 3179 1033 3245 fait
1052 3177 1143 3243 mihi.)

197 3271 453 3338 dicturientem,
490 3290 541 3324 nee
557 3273 647 3325 mium
665 3272 732 3338 &cl
759 3275 789 3326 ld
809 3280 851 3325 cat
868 3271 905 3339 (oi
924 3287 993 3325 uera
1017 3277 1042 3324 st
1062 3269 1215 3341 scriptura)

127 3370 155 3417 rt
174 3363 252 3415 dieto
270 3381 324 3415 noo
341 3364 431 3416 minuc
450 3363 502 3419 dcc.
557 3365 635 3418 Huic
653 3364 731 3417 laudi
757 3366 849 3433 plana
867 3370 895 3418 et
913 3359 1064 3432 perspicua
1081 3362 1217 3416 orationis

125 3454 261 3519 additur,
280 3456 373 3526 magis
392 3462 423 3508 ut
440 3457 501 3526 ipsa
519 3457 697 3521 declaretur,
715 3473 798 3526 quarn
820 3463 851 3509 ut
868 3455 935 3508 noui
956 3455 1062 3525 aliquid
1080 3453 1218 3524 adiunga-

125 3555 193 3603 tur:
231 3548 322 3599 certo
348 3549 441 3616 optim·
475 3548 573 3620 itaquo
597 3549 767 3619 particulam
795 3567 849 3602 non
874 3547 1042 3620 interposuit
1060 3547 1158 3599 Cicero
1178 3548 1219 3610 (et

124 3638 221 3693 met·
240 3641 336 3707 aptis).
375 3641 446 3693 Nam
472 3644 547 3714 quod
571 3641 697 3697 Orellius
726 3643 815 3711 plana
832 3640 967 3695 orationis
985 3642 1098 3695 laudern
1118 3640 1154 3692 ad
1173 3657 1218 3692 res

123 3731 204 3801 ipsas
222 3731 364 3801 pertinere
390 3736 468 3799 uolt,
509 3753 598 3806 neque
624 3752 720 3788 reruni
746 3735 929 3805 perspicuitas
953 3734 990 3787 ad
1014 3734 1088 3786 lianc
1115 3732 1218 3800 lingua·

125 3823 233 3876 Graecae
253 3832 281 3877 et
299 3825 405 3879 Latina
424 3825 653 3895 conparationem
672 3826 808 3896 pertinet,
843 3826 888 3888 et',
925 3842 1009 3894 quoru
1025 3824 1110 3891 plane
1128 3822 1218 3875 dicere

123 3917 181 3980 (ll,
202 3916 237 3967 1⁰
257 3920 286 3970 et
302 3918 351 3982 15,
370 3925 430 3978 lll,
450 3918 498 3985 19)
519 3918 548 3969 in
567 3937 600 3972 eo
619 3916 742 3987 positum
759 3918 805 3978 sit,
824 3927 856 3972 ut
872 3914 1068 3987 intellegatur,
1083 3917 1157 3985 quod
1176 3917 1219 3968 di·

123 4015 231 4072 'catur‚
269 4008 328 4063 eius
346 4026 451 4080 magna
477 4026 543 4079 pars
569 4009 624 4062 sita
648 4014 673 4062 st
690 4009 719 4061 in
742 4008 836 4061 uerbis
855 4009 928 4077 aptis
947 4017 975 4061 et
991 4026 1052 4061 rem
1070 4008 1219 4061 declaran-

123 4099 206 4155 tibus
227 4102 290 4167 (lt,
309 4101 368 4169 ⁵7).
403 4102 507 4155 Paullo
524 4104 620 4154 tumen
640 4102 736 4154 durius
756 4103 786 4154 ct
803 4099 917 4153 breuius
935 4101 994 4154 hac
1011 4102 1067 4155 duo
1085 4102 1176 4154 uerba
1191 4099 1219 4153 in

124 4198 256 4247 extrem
279 4195 419 4248 scatentia
444 4194 518 4248 adici
536 4194 677 4247 uidentur.
725 4195 797 4246 Eum
817 4192 1023 4246 dubitationem
1043 4195 1151 4262 augent
1171 4209 1219 4244 eo·

125 4283 205 4340 dices
223 4285 297 4355 Spir.
320 4288 437 4348 ecurt,
458 4287 487 4341 in
505 4286 606 4356 quibus
624 4287 718 4342 uertit
737 4286 930 4356 transponitur
949 4292 1014 4340 autc
1032 4302 1126 4358 φιαω,
1145 4285 1218 4355 quod
