2706 5018
547 327 799 435 PltrEFaTlo.
1140 338 1226 402 xx!

137 526 359 606 ninusapertre
387 522 499 598 olim,
547 523 723 602 utlilr.l,
770 526 1071 607 romatinum
1099 530 1227 611 (rr'c'ii

136 627 213 708 rrr'rr)
242 642 273 689 rt
312 626 377 705 ll,
430 628 891 712 21(rutrltruereuarr,
934 636 1066 719 quom),
1107 636 1224 697 deindo

134 736 256 797 riasmodi
281 735 423 797 urenda
450 734 614 820 permulta
640 760 697 821 per
722 740 830 802 omnis
865 741 993 803 codices
1030 756 1223 825 peruagata,

133 862 181 925 qua·
202 863 273 903 casu
295 844 335 904 in
366 841 531 904 omnibus
561 856 632 905 orto
664 865 737 906 esse
767 866 832 907 non
858 860 1014 930 possunt,
1063 860 1097 908 ut
1131 848 1218 928 (num

133 970 207 1031 paura
227 946 403 1032 exempla
428 947 556 1033 eligere
579 951 659 1010 satis
680 956 745 1025 est)
770 948 800 1026 l,
822 954 1092 1034 secernatur,
1117 952 1160 1031 ll,
1178 956 1220 1015 24

133 1061 283 1115 urrrrrolr'r
320 1067 358 1117 et
391 1059 427 1115 iu
459 1074 522 1137 quo
556 1060 689 1137 cognitu
722 1067 755 1115 et
784 1054 837 1133 ll,
884 1059 927 1119 32
956 1063 1060 1120 uultui
1087 1067 1217 1131 struunt,

132 1180 337 1243 maxumeque
363 1159 450 1223 illud
474 1174 606 1245 propter
629 1163 849 1244 exiguitatem
875 1161 1040 1242 notabile,
1064 1165 1151 1248 quod
1175 1163 1217 1235 ll,

130 1268 160 1325 ol
178 1269 206 1328 in
227 1266 391 1328 omuibus
416 1269 537 1329 nostris
561 1266 729 1330 codicibus
751 1267 894 1354 legitur,
932 1271 1054 1331 omisso
1079 1268 1219 1332 lineola:

132 1370 250 1434 luicio!
276 1382 393 1435 trrmeu
415 1378 565 1449 ratione,
613 1387 681 1436 tum
716 1396 788 1458 quur
812 1372 901 1437 Noni
927 1377 1123 1437 auctoritato
1148 1395 1218 1436 cor·

132 1494 201 1541 rrrta
222 1493 323 1557 sont,
363 1478 407 1558 ll,
427 1482 474 1541 78
492 1477 550 1541 cul
574 1478 674 1541 dubio
695 1501 755 1563 pro
779 1478 948 1557 sadducum
973 1480 1018 1559 V,
1036 1483 1079 1543 42
1100 1500 1218 1562 rrerpur

131 1608 176 1667 pro
195 1606 320 1667 arpos,
354 1584 408 1661 V,
431 1586 475 1647 58
495 1589 662 1647 temeritas
683 1607 741 1669 pro
763 1592 933 1649 teneritas.
947 1590 976 1668 ¹)
1044 1587 1215 1649 Postremo

130 1692 227 1752 cadem
247 1712 382 1775 quoque
406 1692 691 1775 interpretantium
717 1692 939 1755 additamenta
961 1694 1067 1755 omnis
1086 1704 1215 1754 nostros

130 1800 242 1859 redires
269 1796 446 1874 obsident,
469 1794 561 1858 uelut
584 1796 638 1874 V,
660 1799 703 1858 ot
725 1796 886 1861 Lucretio
910 1812 943 1861 et
966 1797 1048 1861 illud
1072 1798 1214 1880 plurium

129 1902 292 1967 uerborum
319 1924 385 1965 non
408 1903 517 1965 minus
544 1902 765 1981 manifestum,
809 1905 895 1989 quod
927 1904 1016 1979 eV,
1039 1905 1080 1965 21
1104 1899 1215 1964 sulda-

128 2030 182 2072 urm
205 2023 247 2071 st.
261 2012 294 2089 ²)
343 2007 458 2094 ltaque
491 2009 553 2073 hoc
574 2010 714 2091 primum
737 2011 891 2094 adparet,
936 2030 1065 2072 omnem
1089 2020 1215 2070 nostro·

127 2140 185 2179 rum
208 2118 359 2179 codicum
381 2117 696 2200 peruestigationem
720 2139 760 2180 eo
779 2117 906 2194 referri,
930 2129 965 2178 ut
986 2119 1119 2194 sciatur,
1137 2114 1213 2199 quid

127 2230 153 2287 io
174 2224 232 2287 illo
257 2222 370 2285 codice
391 2220 569 2304 archetypo
592 2223 692 2289 fuerit
715 2224 776 2305 (sio
791 2224 878 2285 enim
899 2220 1071 2285 breuitatis
1095 2242 1212 2285 caussa

126 2328 350 2415 appellemus),
376 2349 435 2390 nec
458 2348 557 2411 posse
576 2327 709 2414 longius
728 2328 893 2413 progredi.
945 2326 982 2390 ld
1004 2331 1111 2405 enim,
1133 2348 1211 2411 quo-

126 2440 202 2499 niam
228 2439 300 2519 ipse
324 2455 388 2496 non
419 2446 589 2518 superest,
634 2438 790 2519 qoaeritur·
820 2456 933 2497 eorum
964 2435 1210 2517 conparatione,

125 2546 172 2625 rpri
194 2564 237 2603 rx
263 2561 304 2602 eo
326 2540 467 2601 deriunti
490 2540 532 2602 ad
562 2562 622 2603 nos
648 2554 878 2626 peruenerunt.

207 2646 274 2710 Seri
301 2644 360 2707 hos
382 2646 513 2709 codices
537 2647 626 2730 ipsos
651 2668 671 2708 u
695 2645 822 2709 duobus
848 2668 891 2708 es
922 2645 983 2707 illo
1017 2645 1122 2727 primo
1157 2643 1211 2704 do-

126 2756 248 2833 srripris
270 2752 434 2815 diuersam
457 2764 491 2814 et
513 2750 676 2834 duplicem
700 2754 836 2837 stirpem
858 2751 989 2829 ducere,
1011 2770 1074 2811 non
1101 2772 1119 2811 a
1142 2747 1212 2832 plu·

127 2940 349 2952 ——-—

144 3084 167 3127 ¹1
187 3070 299 3123 Nouius
316 3084 412 3122 uer-arn
432 3070 607 3141 scripturam
628 3068 709 3123 dedit
728 3069 815 3122 ctiam
833 3068 879 3131 ll,
907 3074 940 3133 8,
975 3067 1026 3121 ubi
1045 3066 1134 3123 codex
1152 3066 1212 3131 illc,

185 3182 200 3213 ι·
219 3180 277 3233 quo
295 3162 388 3215 nostri
407 3162 465 3215 orti
484 3168 570 3227 sunt,
606 3181 663 3215 una
682 3162 781 3215 littera
799 3160 966 3223 alrcrralmt,
991 3168 1024 3213 ut
1041 3161 1134 3213 nostri
1154 3178 1210 3214 mc·

184 3254 289 3317 liores,
327 3253 358 3306 in
382 3254 578 3308 deterioribus
601 3254 717 3325 longius
736 3270 902 3327 processum
920 3260 964 3317 st,
1000 3251 1058 3315 lv,
1089 3258 1125 3305 60
1145 3252 1209 3320 (ulri

185 3346 282 3397 eadem
310 3353 337 3398 st
364 3346 458 3409 ratio;
497 3364 563 3399 nem
591 3346 720 3401 codicem
746 3345 837 3399 l‘aris.
863 3352 891 3398 et
916 3344 975 3398 Pal.
1001 3348 1019 3397 4
1044 3344 1209 3398 coniectura

186 3436 347 3492 emendatos
364 3443 461 3513 pulo),
482 3438 524 3502 V,
558 3443 591 3491 ³1
612 3446 641 3492 el
661 3444 704 3492 55.
767 3438 915 3505 (Fortasse
934 3436 1130 3509 recipiendum
1149 3446 1210 3490 eral

186 3532 268 3583 etim
286 3550 408 3605 quorum
427 3530 460 3594 l,
485 3533 545 3598 21.)
603 3529 715 3583 Contra
731 3528 833 3583 menda
852 3536 934 3583 crant
953 3530 985 3582 in
1006 3529 1081 3584 Noni
1101 3528 1209 3587 codice,

185 3624 287 3695 qnilum
303 3624 399 3679 nostri
418 3629 536 3685 carent,
571 3620 619 3685 ΙΙ,
637 3627 689 3685 91,
707 3621 766 3685 w,
787 3627 822 3675 50
840 3628 870 3675 et
886 3628 937 3685 68,
955 3621 997 3686 V,
1014 3627 1039 3675 ³.
1100 3620 1208 3675 Eodem

186 3716 265 3771 morlo
283 3724 444 3789 utrumque
464 3713 624 3787 exemplar,
658 3720 687 3767 et
700 3713 777 3767 Noni
799 3720 829 3767 et
846 3712 893 3779 id,
919 3730 1010 3785 equo
1028 3720 1128 3767 nostra
1146 3718 1207 3765 orta

183 3816 255 3875 ιιιιιί,
273 3810 468 3885 deprecantem
484 3806 594 3871 luisse,
612 3805 765 3861 ostendere
783 3814 903 3859 conatus
922 3824 985 3859 snm
1004 3804 1035 3869 l,
1072 3808 1104 3857 61
1125 3810 1154 3856 et
1174 3804 1209 3867 V,

182 3906 220 3957 lll·
266 3904 345 3961 Noni
368 3899 535 3973 scriplum
553 3898 637 3971 prorui
660 3915 694 3951 cx
712 3897 840 3951 editione
857 3898 995 3961 dioscori,
1032 3914 1116 3969 quam
1138 3895 1207 3947 scir!-

179 3992 236 4049 ltam
252 4006 282 4053 ct
298 3996 376 4053 alibi
410 3998 444 4047 et
469 3992 501 4045 in
532 3990 579 4045 lais
603 3989 676 4045 loris
701 3990 737 4043 ad
767 3998 951 4062 optumorum
975 3989 1050 4044 Noni
1078 3986 1207 4041 rodirunr

176 4084 251 4145 tun
267 4087 494 4147 consitutum,
511 4082 548 4139 de
564 4100 623 4157 quo
642 4080 758 4136 adtendi
778 4083 884 4146 uelim,
902 4082 981 4154 quod
998 4080 1084 4153 posui
1103 4080 1133 4132 in
1151 4079 1207 4131 ud.

173 4178 261 4241 dudit
278 4182 320 4239 ml
338 4202 375 4257 p.
394 4180 462 4233 fll-
1000 4222 1003 4227 .

135 4274 158 4335 'l
173 4272 256 4335 ltin·
274 4272 434 4355 pluribus
453 4272 553 4341 parter
571 4268 607 4322 dc
625 4267 734 4323 rodirio
752 4266 899 4343 arclrclppi
918 4264 1047 4327 mendis,
1071 4260 1120 4313 noi
1140 4277 1205 4312 cou-

166 4366 269 4433 iertm
291 4368 461 4429 rationem
481 4378 627 4433 exponam.
