2730 5016
478 357 733 427 PBAEFATIO.
1016 363 1158 432 XXVII

64 551 185 618 Deinde
217 553 275 618 bic
311 553 443 634 codex,
486 566 704 640 prrcterquntu
736 553 822 640 quod
853 517 1158 640 neglegentissume

65 663 200 746 scriptus
225 671 277 724 est
302 671 337 724 et
360 658 536 725 uerborum
561 661 797 725 omissionibus
828 660 1066 727 incredibiliter
1089 665 1159 728 foe·
1186 664 1187 667 ’

65 767 153 830 datus
179 771 233 847 (ut
257 765 297 842 1,
342 768 386 832 55
410 770 571 832 omittitur
594 776 628 832 et
652 769 821 846 laett'tt'ant,
865 779 932 830 tum
967 771 1158 851 molestiam,

65 873 177 937 deiude
203 873 390 954 adsertio),
421 873 623 960 singularem
646 887 681 938 et
702 876 868 960 propriam
890 873 990 939 babet
1013 878 1159 961 interpo-

65 978 235 1060 lationem,
259 1001 357 1066 qnnnr
382 979 549 1047 Uictorius
581 982 615 1044 in
644 999 706 1045 sua
736 980 880 1045 editione
909 1002 975 1046 non
1006 984 1054 1046 ita
1082 1005 1158 1048 raro

67 1096 195 1150 secutus
219 1098 286 1150 est.
354 1085 440 1152 Nam
462 1085 539 1151 hinc
565 1099 641 1152 nata
662 1098 740 1151 suut
768 1084 845 1166 illa,
890 1109 1028 1173 quornm
1052 1087 1159 1154 adbuc

66 1191 135 1255 fons
159 1193 338 1278 ignoratus
363 1205 433 1274 est,
473 1191 576 1272 1‚o:
620 1213 729 1257 onnes
752 1214 806 1258 rer
827 1215 887 1278 pro
906 1192 966 1259 lar
983 1215 1055 1274 res,
1100 1198 1159 1262 17:

67 1303 99 1362 ι’»
118 1317 182 1383 pue
209 1296 300 1365 or'lr'l
319 1320 411 1386 aque
432 1320 494 1364 ses
516 1320 689 1381 consuat,
734 1303 774 1365 tt
800 1320 895 1387 quoto
917 1321 939 1364 a
958 1297 1160 1385 pbilosophis

67 1413 172 1468 tanen
188 1406 347 1490 plurilus
368 1409 425 1487 (ex
448 1427 542 1492 quant
569 1407 616 1492 pt.
640 1429 699 1492 pro
722 1408 865 1492 soaph),
886 1408 929 1471 to
952 1414 1089 1470 caract
1113 1412 1160 1472 η’·

67 1531 144 1596 gere
167 1512 263 1595 (cod.
287 1519 417 1599 uigore)
442 1516 563 1592 anisi,
585 1514 630 1578 oo
651 1519 780 1576 omnino
803 1534 863 1598 pro
884 1518 1011 1590 anino,
1035 1515 1076 1578 71
1099 1518 1158 1576 r‘rrr·

67 1638 254 1702 prosperatur
279 1642 338 1706 pro
362 1640 511 1704 uspersus
540 1625 593 1697 (ut
624 1619 838 1704 responderet
868 1620 1065 1706 precedenti
1081 1639 1161 1704 pro·

70 1729 229 1807 merant),
283 1746 422 1812 quornm
447 1747 509 1812 ego
540 1725 697 1812 pleraque
721 1728 754 1790 iu
778 1728 865 1791 notis
887 1724 1161 1791 conmemorando

71 1850 133 1893 non
156 1833 286 1917 putrui,
309 1831 363 1897 bic
384 1833 547 1897 indicasse
570 1853 635 1896 non
653 1831 771 1912 inutile
784 1834 858 1911 erit,
880 1835 1015 1918 nequis
1036 1830 1161 1917 aliquid

74 1938 238 2022 scripturis
263 1938 316 2003 bis
339 1938 540 2006 Uictorianis
569 1937 703 2003 tribuat.

162 2041 283 2132 Longe
294 2046 420 2111 diuersi
436 2045 656 2112 anctoriauo
668 2057 745 2109 sunt
762 2046 795 2109 in
810 2045 925 2109 eodem
938 2065 1061 2131 genere
1073 2042 1162 2108 codi-

70 2169 122 2215 ces
135 2151 235 2238 plane
247 2151 384 2239 gemelli
397 2151 425 2214 E
438 2165 470 2215 et
492 2154 509 2229 ξ
522 2151 745 2217 Oxonisnses.
791 2149 837 2215 Hi
848 2152 947 2214 etiam
959 2152 1163 2215 constantius

72 2256 257 2343 uolgarinru
283 2259 432 2324 codicum
455 2257 575 2322 menda
598 2242 1162 2342 et‘inrerpolartonemreceperam,

72 2363 176 2451 (uelut
200 2368 303 2430 etiarn
326 2365 363 2446 l,
401 2368 445 2431 8⁰
477 2377 509 2429 at
530 2365 599 2443 68),
628 2377 666 2428 ut
689 2363 883 2449 plerumque
912 2366 948 2427 io
976 2361 1164 2427 huiusmodi

73 2471 240 2552 scripturis
263 2493 378 2536 omnes
411 2470 622 2553 oxonienses
650 2468 841 2534 nominandi
875 2469 1011 2533 luerint.
1077 2466 1164 2533 Tum

76 2588 197 2656 autem,
219 2581 282 2642 uix
298 2575 458 2642 credibile
480 2589 524 2652 st,
547 2588 627 2662 quot
642 2574 725 2640 locis
747 2575 858 2640 biduo
870 2575 998 2640 codices
1010 2596 1030 2637 a
1047 2577 1166 2640 ceteris

75 2681 224 2746 omnibus
247 2683 455 2748 discedentes
476 2682 579 2746 uerba
597 2680 740 2746 habeant
763 2695 820 2747 aut
840 2681 967 2746 utendis
985 2679 1166 2766 deprauata

75 2802 127 2851 sut
150 2787 345 2854 lenissumis
366 2789 564 2853 coniecturis
578 2801 729 2868 mutata,
745 2809 839 2871 saepe
860 2788 993 2874 quidem
1016 2788 1081 2865 ita,
1105 2788 1167 2851 uix

75 2908 108 2957 ut
123 2892 195 2958 ulla
206 2915 336 2975 canam,
348 2915 420 2981 qun
432 2895 473 2959 ad
487 2895 677 2960 mutandum
690 2892 858 2978 inpulerit,
871 2893 1058 2978 excogitari
1070 2903 1168 2977 quest

76 3015 141 3082 ιιιι,
162 3002 241 3089 quid
255 2997 850 3088 comemorapectauerit,intellegi.¹)
884 2997 950 3063 Sed
961 3010 1070 3062 tamsn
1081 2998 1168 3064 inter

76 3107 131 3173 bas
153 3109 265 3172 sordis
287 3107 486 3194 aliquotiens
522 3108 642 3173 emicat
671 3126 752 3170 uera
779 3107 941 3193 scriptura
961 3125 1008 3170 ex
1029 3102 1167 3170 meliore

99 3455 126 3521 ¹)
146 3453 211 3507 Lib.
229 3451 255 3517 l,
271 3456 291 3505 2
309 3470 343 3508 eo
360 3452 454 3523 libro)
473 3453 517 3521 Εξ
532 3456 564 3509 in
581 3472 613 3508 eo
631 3454 651 3507 l.
723 3457 752 3503 et
772 3446 945 3503 conlaudate
963 3451 1005 3517 st)
1020 3457 1063 3504 ert
1081 3457 1168 3522 atque

142 3549 208 3601 sold
278 3564 313 3601 eo
346 3547 481 3617 meliore)
515 3567 547 3603 eo
582 3548 692 3601 meliori
715 3547 776 3600 toro
843 3547 869 3596 3.
901 3540 1085 3612 defatigatio)
1111 3542 1180 3611 fat:

144 3645 170 3694 ί
189 3640 319 3695 Licinius
336 3642 572 3714 -soriptoreno
592 3657 648 3695 om.
716 3637 817 3692 nudem
832 3635 923 3704 enim)
943 3637 1041 3689 rudem
1110 3652 1168 3689 on·

145 3731 230 3799 nino)
250 3736 362 3788 omnim
380 3754 443 3790 eun
528 3740 553 3790 d.
586 3739 718 3788 nostrum
742 3727 897 3797 iudicium)
918 3747 1018 3782 norrea
1036 3728 1169 3781 &adiciam

147 3824 268 3895 multos)
287 3829 429 3882 etmultor
497 3833 523 3882 7.
541 3829 714 3900 podismum
783 3821 864 3890 fieri)
879 3829 948 3874 ante
959 3822 1028 3891 fieri
1094 3819 1170 3887 tum)

147 3936 200 3973 ⁰1¹¹.
270 3926 295 3974 9.
315 3921 390 3990 sale)
418 3923 480 3975 cale
508 3922 599 3992 aliqua
668 3918 769 3972 Graeco
785 3946 821 3956 -
838 3911 982 3981 maluisti)
1004 3929 1058 3966 onn
1128 3916 1170 3965 1o.

148 4011 247 4080 etiam)
266 4029 321 4067 orn.
395 4017 436 4066 12
455 4030 568 4067 omnem
586 4009 787 4085 questionem)
808 4025 975 4064 communem
993 4008 1173 4078 perustionem

148 4109 189 4159 ll.
207 4106 386 4177 neglexerit)
405 4109 601 4177 contempserit
670 4109 711 4157 18.
731 4110 791 4156 tum
809 4100 897 4167 illud)
917 4099 1060 4152 tamarid
1127 4113 1171 4149 cc-

147 4196 276 4266 fisiatur)
293 4203 459 4272 piqtmtrtttt·
484 4201 532 4253 ttcl
556 4198 722 4271 efficiamur
790 4194 1003 4258 disscmeruut)
1028 4192 1172 4244 disserturi

147 4290 196 4347 dte.
237 4292 365 4347 Tantum
387 4289 585 4345 memorabilis
602 4288 732 4362 curer-poi
751 4295 780 4344 et
797 4305 860 4363 qus
878 4303 913 4342 ex
932 4291 1055 4354 utroque
1073 4278 1174 4334 codice

148 4393 240 4441 notata
261 4393 355 4443 mant.
