2706 5018
126 348 190 410 ²82
479 343 538 406 DE
561 340 738 412 FlNlBUS
760 341 863 410 ΒΟΝ.

130 539 240 603 laura!
286 539 365 603 Siue
390 559 429 600 ea
461 540 563 626 igitur
592 540 732 604 iucunde
755 550 855 626 negat
877 556 974 624 posse
996 535 1083 599 uiuil

131 649 279 731 turpius,
326 666 422 730 quaur
446 647 605 730 sapientis
627 648 730 710 uitam
754 667 799 709 ex
821 645 1048 729 insipientium
1068 663 1104 706 re

129 750 293 837 pendere?
319 749 407 827 Quid
433 774 512 838 ergo
535 752 596 817 hoa
619 750 693 817 loco
714 750 880 838 intellegit
903 749 1095 815 honestum!

131 857 233 936 nihil,
272 859 335 921 uisi
364 858 450 943 quod
482 859 586 943 possit
618 860 725 944 ipsum
755 872 886 944 propter
914 878 952 919 se
983 859 1055 920 iure
1080 856 1104 921 la

130 963 215 1030 Nam
240 967 269 1029 si
295 978 425 1051 propter
450 963 665 1049 uoluptatem,
689 985 773 1051 quaa
797 976 828 1026 st
848 965 912 1027 ista
933 961 1021 1041 laur,
1041 984 1104 1050 qua

129 1074 172 1135 sit
196 1093 213 1134 e
236 1069 377 1134 macello
402 1070 491 1155 petil
509 1068 582 1134 Non
606 1072 634 1132 is
655 1071 706 1134 uir
729 1081 800 1148 est,
825 1082 872 1146 ut,
896 1091 994 1156 quotu
1018 1069 1104 1134 haue:

129 1201 168 1243 eo
191 1177 264 1242 loco
289 1175 431 1256 habeat,
453 1190 491 1239 ut
511 1179 583 1240 siue
608 1198 647 1239 ea
671 1175 813 1239 iucunde
837 1188 936 1263 neget
956 1196 1056 1259 posse
1079 1179 1104 1238 ui

128 1284 185 1347 lud
208 1283 401 1361 honestum,
428 1282 512 1367 quod
537 1279 694 1368 populare
714 1283 778 1361 tit,
800 1285 940 1360 sentiat,
964 1295 999 1345 et
1022 1284 1092 1346 sine

129 1391 234 1454 cunda
264 1402 365 1474 neget
396 1390 465 1451 uiui
488 1409 606 1473 possa,
652 1400 708 1450 aut
734 1390 907 1475 quicquam
933 1386 1025 1452 aliud
1050 1386 1104 1452 hor

130 1495 324 1581 intellegat,
346 1496 410 1556 nisi
433 1495 518 1578 quod
538 1496 581 1557 sit
602 1508 728 1557 rectum
750 1497 922 1580 ipsumque
947 1517 1006 1580 per
1026 1516 1074 1574 se,
1096 1516 1104 1557 t

129 1624 189 1665 aua
210 1615 339 1680 natura,
363 1622 423 1663 sua
447 1613 563 1683 sponte
585 1598 764 1665 laudabile.

220 1705 317 1771 xvl.
363 1708 418 1769 51.
444 1704 571 1791 ltaque,
595 1704 776 1792 Torquate,
800 1727 896 1792 quoru
920 1707 1059 1783 dicerer,
1081 1703 1104 1770 el

129 1813 326 1899 Epicurum,
371 1833 435 1875 uon
462 1833 558 1898 posse
581 1813 722 1877 iucunde
746 1814 835 1890 uiui,
865 1813 930 1874 nisi
952 1813 1093 1876 honeste

130 1921 257 2006 pienter
289 1932 322 1983 et
352 1921 435 1982 iuste
469 1921 656 1996 uiueretur,
699 1931 733 1980 tu
763 1921 834 2003 ipse
866 1918 948 1982 milri
972 1916 1105 2005 gloriari

130 2023 219 2089 bare.
284 2023 394 2088 Tanta
415 2027 467 2086 uis
491 2027 596 2088 inerat
617 2027 650 2087 iu
677 2022 790 2089 uerbis
813 2037 946 2110 propter
969 2046 1104 2089 earum,

129 2152 213 2215 quae
235 2128 505 2218 significabantur
528 2130 579 2195 his
601 2128 732 2211 uerbit,
753 2131 960 2216 dignitatem,
986 2143 1022 2193 ut
1046 2128 1101 2193 alti

130 2258 202 2314 res,
229 2248 264 2298 ut
285 2236 450 2301 interdum
475 2240 662 2315 insisteres,
694 2250 729 2299 ut
754 2257 813 2324 noa
837 2238 969 2300 intuens
989 2238 1084 2322 quasi

130 2364 261 2420 carere,
308 2341 436 2408 laudari
471 2344 676 2407 honestatem
708 2358 740 2406 et
777 2344 937 2407 iustitiam
966 2340 1104 2428 aliquan«

182 2561 230 2605 lua.
246 2563 327 2616 reget)
341 2573 396 2618 aeg.
412 2562 462 2605 tue.
479 2562 498 2605 lt
548 2571 616 2617 porte
632 2561 690 2614 ulul)
703 2573 773 2617 pam
788 2562 878 2606 uiuere
892 2571 981 2605 annet.
1022 2571 1104 2603 ternu

127 2640 200 2694 perid.
214 2637 324 2682 cerm·l3
368 2637 424 2695 peti)
437 2637 568 2694 petiturss
611 2637 711 2681 iurante
726 2638 790 2695 neg.)
804 2650 859 2695 neg.
874 2638 927 2682 tue.
941 2637 962 2680 R
997 2635 1048 2681 uiui
1064 2648 1104 2694 pta

119 2715 187 2758 ,utut
200 2713 271 2759 MGR
311 2713 442 2772 lutumque)
457 2714 536 2768 {ptum
550 2715 614 2769 quaa
628 2713 720 2759 PMcR
752 2713 804 2771 par)
818 2712 950 2770 propterlr
984 2713 1104 2770 apertam

130 2791 221 2838 PMOR
235 2797 320 2849 aptate
335 2792 369 2835 rr't
383 2791 402 2835 L
458 2789 492 2835 ⁵1.
506 2791 541 2844 tu)
555 2795 607 2834 tum
621 2791 642 2835 Ε
671 2790 839 2843 testificarere)
852 2791 989 2844 testificari
1001 2790 1022 2834 Ε
1036 2788 1104 2844 teeti}

200 2988 287 3052 negat
302 2997 385 3050 porte
402 2982 475 3049 aiut)
495 2980 621 3045 Retiaui,
640 2981 715 3052 quod
732 2979 967 3050 Itblnuapartea,
986 2979 1044 3033 ΤΙι.
1062 2979 1104 3031 Ba

130 3081 285 3146 requenter,
305 3073 355 3128 alii
377 3074 534 3128 ediderunt.
578 3075 651 3129 Nam
676 3072 705 3126 iu
725 3070 819 3127 aetina
839 3070 980 3127 inliuiliua
998 3087 1104 3147 queam

130 3166 208 3233 «lira,
246 3167 320 3236 quod
339 3165 470 3220 Bremiut
497 3166 632 3231 uolebat,
672 3165 811 3219 termaair
837 3165 913 3219 ratio
936 3183 993 3220 aua
1023 3163 1104 3218 mirra:

131 3276 214 3328 quum
233 3259 283 3330 (de
302 3276 357 3330 qua
378 3259 447 3312 olim
463 3258 498 3311 etl
519 3258 616 3312 quen.
635 3264 688 3313 rat.
706 3263 758 3322 111,
775 3254 811 3311 98
829 3253 954 3326 scripti),
972 3275 1060 3327 quam
1078 3259 1104 3310 ti

130 3356 263 3420 rogatura
291 3352 334 3401 Aa
350 3351 446 3402 melior
467 3349 533 3404 eat?
554 3349 654 3405 audire
670 3348 820 3424 quitquam.
858 3356 958 3420 ltaque
975 3356 1103 3420 negata

130 3459 193 3495 uere
210 3446 299 3494 aeret:
341 3448 428 3509 regat
445 3459 474 3495 te
489 3460 573 3511 poete
596 3443 697 3496 uiuere.
735 3443 841 3497 Uerum
870 3447 898 3496 et
922 3441 1064 3511 Epicurtu
1084 3460 1103 3496 u

131 3549 185 3586 nou
205 3532 240 3584 da
258 3549 303 3596 aa,
320 3533 379 3585 lroec
397 3532 524 3600 uixerat,
551 3542 580 3589 et
598 3535 698 3589 cicera
716 3541 776 3588 tam
795 3551 869 3603 eoepa
887 3549 951 3587 eam
970 3535 1095 3590 formam

131 3630 159 3678 at
179 3629 242 3692 port
259 3624 404 3691 teruauit,
441 3632 473 3680 ut
490 3626 639 3681 eredi'aan
658 3627 763 3697 pouit,
800 3628 856 3680 hac
883 3642 938 3679 uno
968 3627 1032 3682 lece
1052 3645 1104 3682 auu

129 3715 297 3771 uinearum.
350 3719 459 3771 Eodem
478 3736 575 3774 errore
593 3718 621 3772 in
641 3719 727 3773 Ture.
748 3719 804 3786 ΙΙΙ,
840 3717 876 3773 ta
900 3718 1011 3790 aliquot
1035 3720 1104 3776 cadit

129 3810 212 3862 beata
251 3808 347 3879 Negat
369 3809 508 3880 Epiruma
525 3811 641 3864 iucunde
659 3827 741 3878 parre
759 3811 868 3876 uiuere,
906 3809 954 3865 ubi
976 3812 1104 3867 melioret

129 3900 189 3952 uiui
206 3901 251 3968 (ut
270 3898 434 3973 adiungitur
451 3904 507 3956 niti
525 3921 584 3956 eum
605 3903 709 3956 uirtute
727 3904 906 3970 uiuatur).

200 3977 338 4061 ipsumque
357 4022 392 4035 -
410 4012 460 4048 tua
481 3997 591 4064 aperte)
622 3993 669 4049 Sic
690 3995 776 4049 etiam
797 3997 859 4049 Pal.
879 3996 896 4048 l
916 4002 945 4049 et
962 3996 1040 4067 Spir.
1058 4001 1104 4068 (ΙΙ

128 4086 231 4140 saltem
250 4102 301 4138 rua
318 4091 444 4156 tpoute);
462 4087 585 4142 restituit
604 4088 761 4152 Gruterut;
780 4086 867 4142 ceteri
887 4088 968 4143 colu.
989 4097 1022 4144 ut
1040 4098 1104 4148 naal

128 4180 226 4233 riarar.
264 4179 327 4234 Pal.
349 4179 363 4232 Ι
387 4184 428 4244 (et
446 4196 477 4233 ex
498 4198 530 4233 eo
550 4181 634 4235 Grut·
652 4179 760 4248 etalii)
778 4186 915 4250 preterea
933 4186 1104 4254 trampmlr

130 4289 180 4341 ap„
201 4289 251 4326 tua
270 4279 327 4324 nat.
