2706 5018
368 360 425 427 ΕΤ
448 359 558 427 MAL.
582 359 665 427 LlB.
689 362 721 425 V
743 360 839 427 CAP.
861 367 892 426 2.
1111 368 1174 431 ⁰21

108 558 266 641 quipse,
289 569 377 621 tanta
398 559 513 644 ingeni
533 559 759 644 magnitudine
786 557 913 637 orbata,
932 557 1112 624 desiderari
1134 560 1175 626 il·

108 656 161 725 lan
181 684 290 727 uocem
311 677 401 749 puto.
445 666 478 728 5.
500 661 589 727 'l'uur
613 664 708 742 Piso,
735 665 900 743 Quoniam
923 666 1025 751 igitur
1048 665 1175 753 aliquid

109 788 211 847 onnes,
235 770 310 854 quid
332 769 457 835 Lucina
480 784 602 847 noster,
622 770 751 856 inquit?
774 793 815 834 au
839 793 914 834 eum
938 770 1045 836 locum
1069 773 1175 838 liben-

110 885 148 937 ter
164 877 289 954 inuisit,
332 875 388 939 ubi
414 874 657 941 Demosthenes
680 891 713 939 et
736 876 921 941 Aeschines
944 879 1032 942 inter
1055 901 1091 942 ae
1116 881 1174 944 de·

111 996 210 1046 certare
236 982 326 1047 soliti
357 983 454 1046 auntl
496 983 564 1045 Suo
595 985 682 1046 enim
712 986 849 1069 quisque
879 983 988 1047 studio
1018 1006 1173 1050 rnaxurue

110 1084 222 1153 ducitur.
267 1089 310 1151 Et
334 1088 411 1166 ille,
435 1109 532 1173 quom
557 1087 759 1166 erubuisset,
779 1087 879 1167 Noli,
903 1092 1031 1175 iuquit,
1053 1114 1097 1155 ex
1122 1115 1173 1156 rue

111 1211 257 1275 quaerere,
289 1196 345 1280 qui
370 1197 403 1257 in
424 1192 633 1257 Phalericum
657 1196 755 1259 etiam
778 1195 1020 1275 descenderim,
1051 1200 1172 1284 quoin

110 1293 163 1363 loro
189 1302 229 1365 ad
261 1300 395 1364 ductum
425 1302 518 1363 ainut
539 1299 722 1365 declamare
745 1300 882 1364 solitum
902 1300 1173 1383 Demosthenem,

146 1485 208 1536 taum)
222 1485 290 1527 tanta·
303 1482 383 1536 (l.)0r.
437 1483 458 1528 ⁵.
473 1485 572 1543 aliquid)
587 1486 723 1544 eliquodss
754 1486 887 1540 decertare)
902 1487 1067 1533 decertartlr
1095 1488 1172 1534 deela-

108 1557 163 1610 Ιιη)
174 1561 301 1604 declinare
314 1559 360 1604 ER

108 1722 155 1764 tan
172 1712 314 1769 nominare
331 1717 427 1782 dehet,
446 1719 525 1773 euiur
544 1717 603 1790 ipre
621 1725 725 1773 rectam
746 1721 927 1788 coquebatur.
964 1720 1002 1773 Et
1019 1720 1172 1791 aptireumo

108 1796 164 1857 'ulra
178 1803 370 1876 rignisrcntur,
404 1811 437 1864 11·
461 1812 626 1866 Ciceronem
643 1812 797 1865 Carneadia
817 1813 894 1864 lama
912 1812 947 1865 ad
967 1811 1026 1866 eina
1044 1814 1172 1866 acholam

108 1896 179 1962 'rahiq
210 1900 387 1955 charmadan
413 1921 477 1956 eum
504 1906 596 1957 lucram
618 1923 672 1958 uon
700 1911 805 1960 tuetur.
861 1905 945 1957 Modo
963 1905 998 1957 de
1016 1906 1173 1970 Carneade,

108 1989 214 2053 quoniam
227 2010 290 2046 cum
311 1996 455 2049 ueteribus
473 1995 530 2050 illia
543 2005 723 2064 conparatur,
745 2000 822 2049 reete
841 1997 955 2066 ponitur
975 1995 1001 2050 in
1021 1997 1173 2051 minuendo

108 2084 215 2149 uaporis
233 2086 334 2154 epatio,
354 2096 386 2141 ut
402 2094 430 2140 11
450 2089 505 2141 0ll'.
523 2088 567 2142 7⁵.
605 2091 699 2158 (Quod
720 2106 771 2158 pro
783 2089 951 2142 Charmada
969 2088 1082 2143 nomine
1100 2090 1171 2142 Car-

108 2172 182 2227 aad·
197 2175 225 2229 iu
244 2178 387 2232 codicibua
404 2179 534 2233 aulretitui
552 2183 644 2235 colera
663 2183 777 2247 dicuni,
797 2190 824 2237 ct
842 2182 871 2235 iu
889 2184 976 2237 dead.
997 2187 1026 2236 et
1044 2183 1073 2235 iu
1092 2180 1173 2236 lihria

108 2258 216 2322 leorae
236 2287 336 2324 uerum
355 2287 373 2324 a
391 2270 532 2325 codicibus
549 2283 694 2328 rernatum
717 2283 743 2329 et
766 2283 795 2328 et
819 2276 848 2329 iu
874 2277 960 2330 Tuae.
985 2293 1041 2330 non
1069 2276 1172 2331 aeolia

108 2357 226 2427 aquata)
278 2362 334 2416 Sed
353 2364 381 2417 in
402 2364 529 2418 oratioue
547 2365 653 2434 aliquid
671 2366 842 2422 rubabaurdi
861 2368 945 2423 inert.
978 2369 1077 2439 Neque
1096 2369 1171 2422 enim

108 2450 187 2505 nura
203 2454 368 2508 Ciceronem
388 2459 539 2522 mouebat,
557 2461 631 2527 quod
651 2477 740 2529 nuper
759 2461 918 2515 Carneadea
937 2457 1069 2527 nixiaaet,
1089 2460 1172 2532 (qnid

108 2537 163 2595 Hirr
181 2545 206 2597 id
226 2548 262 2601 ad
280 2548 412 2602 exedram
423 2549 450 2615 i)
469 2552 518 2602 aed
538 2551 611 2617 quod
633 2567 667 2603 eo
688 2569 778 2620 nuper
798 2551 839 2605 ita
857 2553 893 2604 ad
912 2553 1088 2604 Carneadem
1107 2570 1174 2622 per-

108 2625 225 2703 lituimet,
261 2622 370 2694 ulain!
389 2641 574 2695 memoriain
594 2658 628 2693 ca
647 2624 776 2694 hereret.
814 2642 911 2710 ltaque
931 2642 1174 2711 ualdernrpiror,

108 2716 245 2784 Uenerem
262 2732 423 2803 reripairaer
440 2736 521 2786 modo
538 2734 607 2784 eninr
620 2733 680 2797 suit
701 2733 841 2785 Carneadi
859 2733 1054 2799 (Carneadia),
1072 2750 1174 2804 quant·

108 2828 171 2879 Μ
196 2825 314 2877 eandem
350 2825 482 2880 Schuetai
514 2825 703 2894 rrrrpicionem
740 2826 935 2895 (Charmada)
969 2822 1095 2879 Orelliur
1129 2824 1173 2879 ln-

108 2911 193 2971 notar.

156 3013 229 3061 teate
249 3008 346 3078 iugeri
360 3010 567 3079 magnitudine)
586 3012 633 3065 Sic
650 3029 714 3065 curn
726 3009 823 3082 primia
842 3009 905 3061 edd.
927 3007 1026 3071 (etiam
1045 3023 1071 3060 n.
1092 3006 1174 3068 1480)

108 3100 192 3159 'dimi
209 3103 319 3155 codiee·
338 3104 420 3172 (rugo
439 3104 535 3167 Crat,
573 3112 629 3157 trae
649 3104 772 3172 potiore·
791 3102 856 3166 Gai)
876 3108 905 3154 et
924 3099 1097 3154 deteriorum
1114 3099 1177 3152 rina

108 3176 172 3243 lubia
187 3191 315 3264 plerique
333 3195 432 3262 (02¹.)
458 3203 664 3266 tenueruntque
691 3194 833 3253 Uictorina
851 3200 880 3247 et
901 3192 1030 3265 proxumi
1048 3193 1174 3259 (Grau).

108 3268 165 3337 lm,
179 3286 300 3358 aliique,
327 3291 386 3339 tum
406 3287 478 3340 Bau.
496 3304 512 3339 e
533 3290 616 3352 Pau,
633 3287 738 3357 (quoi)
757 3287 870 3346 Meam,
890 3286 935 3339 El.
956 3292 984 3338 et
1002 3284 1175 3338 recentiore·

108 3372 161 3425 tnta·
173 3377 238 3447 ing„
257 3378 333 3447 quod
351 3387 414 3432 erat
432 3378 517 3432 etiarn
537 3380 566 3435 in
580 3381 652 3433 hlor.
673 3381 734 3433 cod.
770 3380 892 3432 Rectum
911 3377 984 3431 illud
1003 3384 1046 3430 eat
1063 3375 1176 3446 tiguill-

108 3464 184 3532 'dique
200 3475 256 3521 tarra
275 3485 377 3536 aragne
396 3471 526 3539 iugenio,-
543 3475 642 3525 contro
662 3470 685 3525 ei
702 3471 777 3524 tenti
793 3488 856 3524 cunr
873 3471 969 3539 ingeni
986 3470 1097 3539 iungar,
1117 3467 1176 3522 alio

108 3558 158 3615 *lu
169 3560 205 3617 rit
219 3562 412 3625 anhelantiuo,
432 3564 511 3616 uelut
530 3565 675 3631 eplendore
693 3563 789 3618 alioue
807 3561 904 3617 rimili.

137 3648 177 3705 -6,
212 3653 348 3719 er'our'anr
365 3654 455 3724 igitur
473 3655 580 3723 aliquid
597 3673 688 3708 omnen
705 3656 772 3721 dre.)
807 3656 911 3711 Paullo
930 3652 1028 3706 durior
1047 3651 1074 3705 ia
1095 3657 1176 3703 utra·

108 3742 145 3793 ¹¹⁸
158 3753 237 3815 parte
252 3746 398 3802 rententie
419 3748 540 3800 uerbum
559 3747 601 3801 ita
617 3738 773 3813 omittitur,
791 3755 823 3802 nt
843 3748 966 3817 primum
986 3762 1019 3797 ex
1038 3740 1176 3796 aninam

108 3820 217 3892 murt·
234 3855 319 3893 cum
336 3838 539 3909 intellegatur,
566 3839 667 3895 aaran
685 3841 839 3895 ueneratur
864 3839 893 3891 tn
915 3838 985 3900 ruo,
1005 3837 1079 3905 quoa
1098 3832 1177 3893 aaut·

108 3909 174 3995 ltu,
192 3930 299 3986 iauirit.
336 3932 438 3986 Paullo
454 3939 520 4001 poet
538 3932 628 3984 aaron
644 3932 672 3985 iu
692 3934 753 3985 Eri.
770 3936 801 3984 et
818 3930 893 3999 Spir.
912 3928 1012 3981 narrat
1029 3940 1108 3977 cerer
1126 3938 1177 3975 reo

108 4010 157 4077 ’ἢ
172 4024 378 4098 mqairqrrer
399 4038 454 4077 nen
475 4023 569 4076 eredo.
585 4040 589 4047 ·

152 4132 205 4191 qno
219 4116 254 4173 ἐκ
269 4116 332 4169 laen
349 4114 415 4181 dra.)
433 4113 509 4169 Plut.
527 4112 578 4166 uit.
598 4113 629 4167 X
646 4118 719 4167 orat.
738 4129 762 4165 e.
777 4111 797 4165 8
815 4130 843 4181 p.
862 4110 966 4164 attur
985 4114 1033 4163 nal
1048 4106 1176 4165 κατιόντα

108 4196 178 4277 'hri
194 4204 367 4279 Φιληρικᾶη
404 4203 473 4275 node
488 4201 537 4263 adr
553 4202 606 4259 τῶν
622 4200 746 4275 κυμάτων
763 4201 882 4275 ἐμβολάς
898 4200 948 4257 ede
965 4205 1072 4270 eurora
1089 4201 1179 4253 norri-

108 4280 168 4367 lu,
182 4297 230 4368 ἵν’,
248 4300 278 4356 ri
291 4318 358 4357 arara
375 4298 506 4369 θορυβοίη
524 4291 541 4352 d
557 4289 651 4367 δῆμος,
667 4294 706 4366 pr)
727 4292 847 4365 ἐκσταίη.
882 4297 940 4348 llic
959 4291 1049 4361 igitur
1065 4305 1121 4342 ue!
1141 4289 1178 4341 td

108 4386 164 4445 Ma
181 4382 241 4447 nim
259 4390 308 4447 aed
328 4388 364 4445 ad
382 4387 570 4445 cornemium
587 4388 729 4460 quandam
749 4385 838 4444 animi
856 4392 886 4441 ot
901 4383 1014 4439 arrian
1038 4396 1102 4434 eam
1127 4394 1176 4433 aa·
