2706 5018
371 351 433 419 ΕΤ
454 350 565 419 MAL.
586 349 671 417 LIB.
693 351 725 418 11
748 350 845 417 CAP.
865 354 919 417 22.
1129 342 1204 417 sou

114 544 227 612 tionem
252 542 352 611 uobis
386 547 533 611 iustitiae
570 547 720 627 traditis,
758 546 1012 633 praecipitisque
1052 546 1193 633 quodam

115 652 219 733 modo,
262 666 301 717 ut
327 666 474 719 nostrum
505 652 659 719 stabilem
681 655 913 718 conscientiam
937 664 1193 735 contemnamus,

121 754 241 823 aliorum
263 772 430 825 citantem
451 761 640 847 opinionem
663 780 873 844 aucupemur.
923 761 976 823 72.
1007 757 1102 836 Quae
1128 760 1192 824 dici

126 864 219 929 estletu
250 865 293 931 de
321 868 441 932 ceteris
468 865 647 930 uirtutibus
677 878 833 952 possunt,
881 886 1016 951 quarum
1047 868 1192 931 omnium

128 966 314 1037 tutamenta
344 993 406 1037 uos
434 974 469 1038 in
500 972 672 1057 uoluptate
703 986 868 1058 tatnquam
898 974 932 1036 in
952 994 1037 1057 aqua
1058 976 1191 1055 ponitis.

133 1072 194 1151 trit
219 1078 329 1143 enim't
374 1078 537 1143 fortemne
565 1098 740 1166 possumus
770 1079 880 1143 dicere
917 1080 1058 1144 eundem
1096 1080 1190 1145 illum

134 1176 330 1271 Torquatumt
350 1218 395 1233 -
409 1184 570 1265 (delector
585 1186 686 1263 enim,
710 1206 905 1271 quamquam
922 1197 954 1249 ta
971 1206 1034 1249 non
1047 1207 1193 1270 possum,

133 1294 234 1375 uuis,
258 1314 482 1379 corrumpere,
504 1290 671 1369 delector,
702 1292 854 1377 inquam,
878 1303 913 1355 et
927 1291 1056 1357 farrrilia
1079 1315 1192 1359 uostra

131 1400 307 1462 ttnumine.
378 1398 422 1463 Et
452 1396 587 1462 hercule
624 1394 707 1461 mihi
740 1400 793 1461 uir
833 1410 986 1483 optumus
1024 1404 1192 1488 nostrique

127 1505 368 1587 uerrucarum,
389 1502 434 1571 A.
455 1502 656 1590 Torquatus,
677 1516 828 1568 uersatur
846 1516 922 1569 ante
945 1502 1078 1583 oculos3
1100 1510 1193 1573 cuius

162 1720 299 1775 uniet-tr
353 1721 481 1777 tamenne)
491 1723 587 1778 sortem
600 1718 688 1765 nouit
739 1721 841 1778 possum)
851 1722 944 1778 potetur
956 1721 1005 1767 Mc
1043 1722 1109 1779 mitri)
1122 1726 1192 1773 modo

122 1788 213 1847 mou
240 1796 372 1856 nostrique)
386 1798 470 1843 uestri
482 1797 590 1857 quumB
615 1800 654 1853 A.)
670 1797 761 1843 Aulius
776 1796 848 1843 PM.
1265 1802 1269 1809 ·

119 1980 165 2041 tet·
180 1992 208 2043 et
234 1984 354 2043 Dentato
371 1984 433 2041 iure
450 1986 630 2041 consentiunt
646 1990 750 2058 preter
779 1984 881 2040 Guium
901 1990 930 2041 et
947 1986 1097 2053 0ttonem3
1133 1988 1194 2044 iue-

120 2078 238 2145 ptieeume
249 2078 335 2145 enim,
353 2095 439 2151 quom
457 2076 564 2149 utiqnitt
582 2078 762 2133 conciuditur
774 2083 803 2130 ot
821 2078 999 2146 adfirmatur,
1018 2080 1132 2136 additur
1139 2084 1194 2139 troc

121 2171 199 2239 uteo,
215 2177 360 2244 tamquam
378 2170 625 2226 animaduersione
646 2170 775 2241 dignum,
793 2172 849 2224 troc
866 2170 967 2243 ipsum,
986 2175 1061 2241 quod
1079 2178 1195 2231 coactu·

122 2260 199 2325 tun,
215 2273 325 2319 eertum
344 2281 414 2321 eree.
450 2263 532 2319 Nihil
545 2261 585 2317 sic
603 2262 668 2317 addi
688 2271 790 2333 potest,
806 2263 861 2317 uiri
878 2266 952 2334 quoti
970 2263 1108 2320 iudicium
1126 2286 1194 2324 cou-

125 2349 196 2409 tirut
211 2357 245 2409 tte
262 2356 324 2429 ipsu
343 2374 384 2415 re.
419 2357 626 2426 (inelegantem
647 2354 845 2426 repetitionem
869 2354 1002 2410 adiectiui
1024 2357 1148 2413 ciusdem
1167 2370 1196 2417 ot

130 2446 223 2503 urunt
240 2448 374 2521 cognati:
410 2455 551 2523 certeque,
587 2448 792 2512 certissumurn,
829 2454 957 2523 certoque
975 2467 1030 2504 non
1052 2452 1194 2516 numero).

133 2536 333 2597 fluitantium
355 2541 512 2611 sptisemuo
532 2547 613 2607 eunt,
648 2558 708 2610 que
729 2539 858 2595 Bentleio
886 2548 914 2595 ct
932 2542 1046 2597 Bremio
1065 2544 1095 2598 iu
1115 2561 1195 2601 men-

135 2632 175 2683 tm
188 2642 335 2695 uenerunt,
354 2632 439 2687 atteri
456 2634 663 2701 turpissimum,
683 2633 766 2688 alteri
784 2635 1061 2702 perniciosiesuururn.

108 2778 110 2785 ,
182 2724 220 2779 72
255 2729 370 2780 eundem
388 2726 467 2779 itturn
494 2724 663 2794 Torquatum
680 2754 716 2766 —
734 2726 856 2777 detector
883 2726 953 2778 eninr
972 2726 1027 2781 &u
1053 2728 1089 2781 au
1113 2730 1194 2782 redeo

108 2798 111 2886 ᾖ
141 2812 195 2885 tii)
210 2818 383 2891 significetui,
400 2818 476 2890 quoti
493 2834 589 2872 omnes
608 2817 810 2885 neglexerunt,
830 2813 1019 2886 interruptum
1038 2819 1197 2874 orationem

141 2910 391 2984 ‘tretiutegrutsme
410 2927 463 2981 quo
482 2927 539 2964 nou
558 2908 765 2973 animaduerso,
784 2908 923 2963 sententie
941 2910 1023 2963 uuita
1043 2917 1085 2975 st3
1106 2928 1197 2981 neque

143 2996 190 3053 ΕΗ
206 3004 300 3072 querit
319 3001 503 3073 simplicitur,
528 3000 672 3055 fortemne
690 3001 868 3068 Torquatum
885 3000 971 3054 titum
989 3002 1084 3056 dicero
1101 3004 1198 3073 poerit,

144 3088 250 3163 hqum
270 3105 357 3167 neget
375 3096 478 3150 tortam
495 3091 600 3153 tuisse,
637 3093 685 3145 red
705 3108 769 3143 cum
791 3092 963 3148 condicione.
1018 3096 1085 3149 Mor
1103 3113 1198 3171 quum·

144 3192 196 3249 μ
215 3192 240 3241 te
260 3204 316 3241 non
337 3188 462 3258 potetur,
495 3188 529 3239 ut
551 3186 630 3240 Crat.
655 3190 685 3239 et
710 3182 800 3249 Uict,
838 3184 925 3238 etium
952 3187 1013 3241 cott.
1038 3202 1062 3259 ψ
1085 3194 1115 3241 ot
1139 3188 1198 3241 Du-

183 3370 254 3439 nun
271 3369 321 3425 Sie
341 3369 405 3425 Pul.
421 3368 449 3432 1,
467 3384 535 3439 mgo
554 3366 650 3433 crat..
668 3366 743 3439 Spin.
762 3367 812 3432 Εξ.
846 3368 990 3423 Proberut
1006 3368 1063 3423 ium
1082 3370 1198 3437 Lbinur,

142 3456 231 3518 nituit
250 3464 401 3517 Gruterus.
437 3458 529 3515 Octaui
548 3460 647 3519 ntottor
668 3461 743 3513 unu.
761 3462 777 3514 l
795 3461 864 3514 mitti
879 3463 923 3515 uir
940 3462 1028 3515 meato.

184 3556 212 3613 A.
227 3554 398 3625 Torquatus)
418 3552 591 3609 Humanitor
609 3549 781 3605 mentionem
800 3552 898 3608 intulit
915 3551 1022 3617 amici,
1062 3552 1109 3623 qui
1128 3558 1199 3618 tum,

141 3652 198 3707 ΠΙ
214 3648 272 3703 trec
287 3646 391 3701 cicero
409 3644 568 3708 scribebat,
600 3641 631 3696 iu
650 3643 760 3697 Grecis
778 3646 929 3710 exulabat,
953 3643 1056 3699 Cesum
1074 3644 1199 3707 inuisum

140 3730 178 3793 fl.
190 3740 222 3795 11
237 3741 319 3795 Fam.
338 3738 396 3805 vt,
411 3738 462 3791 14
476 3737 535 3807 (ep.
554 3740 584 3798 1,
600 3734 637 3787 72
656 3748 709 3801 ego
726 3733 822 3801 trutteo,
841 3736 887 3788 eui
899 3737 966 3804 ptus
983 3754 1064 3811 quum
1082 3735 1134 3788 tibi
1150 3736 1199 3787 tte-

136 3820 204 3898 ΙΙΙ,
235 3832 390 3898 minent).
448 3828 523 3895 ute,
546 3836 580 3883 ut
607 3829 739 3896 uidetur,
771 3834 875 3897 pretor
899 3826 955 3881 tuit
979 3843 1006 3883 ι.
1027 3826 1107 3883 5211.
1128 3827 1199 3883 Chr.

108 3960 111 3967 ·
133 3914 222 3987 titan.
240 3926 278 3981 ott
295 3924 399 3979 Milon.
418 3940 446 3993 p.
465 3922 517 3975 1⁴7
535 3927 565 3975 et
580 3921 634 3975 159
652 3923 752 3987 flet),
779 3936 832 3973 nec
849 3917 923 3973 utiue
939 3920 985 3971 urir
1003 3923 1130 3987 optumus
1148 3933 1200 3988 up·

128 4014 230 4083 Flhtur
244 4018 283 4073 ed
300 4016 361 4071 Au.
378 4014 414 4079 V,
431 4012 459 4069 1.
497 4012 530 4069 ῑι.
548 4012 700 4083 Torquati,
717 4011 766 4082 qui
784 4012 813 4065 in
831 4011 877 4066 hie
893 4011 976 4065 liunt
993 4008 1083 4080 partie
1102 4010 1200 4075 habet,

124 4100 224 4165 ΗΜ
241 4126 299 4165 nee
316 4104 416 4169 fuisse,
434 4106 509 4177 quotl
526 4104 674 4159 Ernestine
691 4110 721 4159 et
737 4104 789 4158 utit
807 4108 959 4173 putarunt,
979 4106 1058 4155 recte
1076 4100 1166 4154 (irim
1183 4117 1200 4154 e

118 4194 246 4259 &unu
261 4196 380 4257 attentio
390 4195 564 4255 etoretiouie
581 4196 675 4251 torma
692 4197 832 4265 attpurere
848 4197 941 4265 putet.
968 4192 1028 4247 Nec
1045 4191 1139 4253 uideo,
1150 4206 1202 4243 eur

112 4290 145 4349 sb
157 4292 212 4351 be
229 4292 420 4365 inungemur
439 4296 468 4347 et
484 4288 554 4345 lauet
571 4288 694 4343 tratrem
711 4286 851 4359 tentemus
871 4302 947 4351 eum,
964 4282 1013 4355 qui
1030 4298 1095 4335 euru
1112 4279 1201 4335 laurio

108 4386 270 4449 metm·
282 4384 323 4443 ss
339 4384 401 4443 stt.
417 4382 469 4451 tx,
484 4380 513 4440 Β.
543 4379 620 4455 Quttt
638 4378 704 4438 istu
720 4374 865 4439 ciceronis
880 4390 981 4432 mures
994 4370 1098 4445 egerit,
1114 4385 1202 4441 quom
