2730 5016
392 370 450 435 nr
474 368 583 436 unu.
609 368 692 433 mu.
714 370 728 433 1
753 352 847 436 car.
873 374 922 435 ιτ).
1165 377 1208 436 m

134 567 184 628 sed
199 569 253 630 ista
275 570 463 652 sequimur,
501 579 536 628 ut
557 568 627 630 sine
654 588 730 629 cura
754 580 905 652 metuque
931 569 1098 643 uiuamusr,
1136 572 1207 632 aui·

137 689 264 759 utumque
287 685 320 736 et
344 694 483 758 cerpus,
508 686 663 757 quantum
688 670 824 737 ecficere
848 676 1032 758 pessimae,
1055 674 1207 739 molestia

138 770 300 842 tituenus.
371 778 416 844 Ut
444 781 530 841 enim
566 779 680 841 mortis
713 793 801 841 metu
830 782 935 843 omnis
966 783 1096 865 quietae
1117 784 1205 844 uitae

141 898 221 949 status
246 872 475 971 perturbatur,
524 897 556 946 et
585 897 620 946 ut
652 883 862 949 succumbere
894 885 1061 949 doloribus
1084 909 1205 971 eosque

143 987 232 1056 luurili
252 994 362 1056 animo
385 989 605 1075 inbecilloque
628 992 714 1054 ferre
738 993 893 1053 miseruut
914 1005 963 1067 st,
1001 992 1042 1055 eh
1069 1015 1205 1078 eamque

143 1097 316 1162 debilitatem
342 1099 444 1160 animi
470 1095 564 1160 multi
589 1112 760 1182 parentes,
781 1097 875 1160 multi
898 1101 1032 1175 arrrices,
1057 1099 1206 1162 nonnulli

143 1209 269 1283 patriam,
294 1204 441 1291 plerique
464 1216 572 1266 nutem
595 1223 631 1265 se
653 1205 741 1288 ipses
761 1206 890 1287 penitus
914 1204 1136 1286 perdiderunt,
1161 1208 1208 1267 sic
1282 1260 1285 1265 .

145 1309 267 1375 rebustus
297 1320 426 1373 suturas
455 1323 488 1372 et
517 1307 671 1372 excelsus
705 1312 792 1373 omui
820 1325 849 1373 st
880 1309 964 1374 liber
994 1332 1072 1373 cura
1096 1326 1207 1373 etau-

144 1438 218 1501 gare,
241 1439 338 1502 quem
362 1428 395 1477 et
418 1428 555 1479 mortem
579 1418 772 1493 contemnit,
796 1417 873 1501 (qua
898 1420 951 1501 qui
976 1417 1095 1480 adfecti
1120 1432 1206 1495 snut,

177 1584 220 1637 ssd)
231 1583 286 1627 2211
321 1581 439 1637 metuque)
452 1582 582 1624 mesenen
610 1580 906 1638 pessimus)persumu0L
935 1585 1010 1638 qumu)
1024 1590 1075 1626 tum
1090 1553 1205 1628 Momtl

141 1655 205 1714 [nun]
220 1661 261 1703 or.

140 1821 231 1884 teperet
247 1815 344 1880 (uelut
363 1806 522 1884 efferenti),
559 1815 607 1867 sed
627 1813 759 1867 uniuerse
781 1813 947 1867 industrium
967 1816 1002 1868 uls
1020 1815 1084 1868 aliis
1105 1817 1206 1879 relius3

138 1904 213 1976 itaque
230 1906 301 1960 nihil
321 1906 436 1961 omnino
455 1907 511 1959 lmc
529 1904 651 1975 pertinet
668 1906 782 1975 quaestio
801 1908 835 1958 dc
855 1907 1020 1975 pronomine
1039 1910 1097 1976 ipsc
1113 1927 1164 1979 pre
1183 1910 1207 1960 is

139 1999 183 2066 ipse
199 1999 297 2069 posite.
337 1999 393 2052 Sed
414 1999 485 2066 ipse,
498 1984 566 2067 ‘quoe
585 1999 725 2063 laudatar,
745 1999 808 2052 idea
828 1998 945 2064 dieitur,
965 2002 1038 2069 quod
1056 2002 1116 2054 lroec
1134 2008 1208 2054 tam-

136 2090 340 2163 quamproprie
359 2093 484 2160 quedem
503 2091 593 2144 uirtus
612 2088 725 2144 laudari
743 2091 771 2143 in
790 2091 952 2144 hominibus
971 2096 1061 2156 solet,
1087 2111 1143 2146 nen
1163 2094 1206 2145 ui·

134 2184 305 2261 §liutpert
323 2183 352 2236 in
372 2182 534 2237 hominibus
553 2200 608 2235 nen
627 2189 708 2244 sunt,
737 2201 788 2235 nec
806 2183 971 2250 assiduitas,
997 2203 1057 2256 qun
1077 2185 1104 2239 in
1125 2186 1208 2239 certis

90 2336 92 2345 ¹
134 2276 273 2332 sedenibus
291 2281 457 2347 spectetur,
487 2293 541 2327 nen
558 2272 586 2327 in
607 2282 665 2328 teto
683 2273 807 2345 ingenie.

189 2389 221 2422 nc
234 2368 375 2437 fortitude
391 2367 511 2434 quidem)
529 2367 602 2419 Mali
617 2367 731 2437 quidem
750 2367 869 2429 cedices,
889 2374 919 2420 ut
930 2369 1031 2430 solent,
1050 2370 1190 2435 necOEU}
1200 2390 1208 2432 3

132 2462 224 2516 nultus
241 2461 330 2515 (isius
350 2459 449 2526 dicit),
486 2459 557 2528 qued
578 2460 602 2511 si
621 2467 693 2512 eesct
709 2461 841 2513 Latinum
861 2460 929 2526 (uid.
950 2478 1008 2512 exc.
1030 2460 1064 2512 ud
1085 2459 1128 2523 ΙΙ,
1147 2458 1207 2525 25),

131 2551 204 2607 huius
219 2555 275 2607 lnei
294 2571 349 2606 nen
371 2559 461 2620 esset,
495 2551 557 2603 siue
576 2552 817 2605 enumerationem
836 2551 912 2605 liniri
931 2551 990 2604 siue
1009 2558 1209 2623 argumentum

133 2647 249 2699 concludi
275 2643 441 2709 iudicemus.
486 2643 653 2697 Dubitetum
672 2651 697 2697 st
714 2645 806 2709 enim,
842 2645 982 2713 qrrumede
1002 2650 1127 2697 extreme
1145 2645 1209 2696 leco

133 2737 274 2792 adhereret
292 2736 355 2807 ipse
375 2736 522 2801 fortitude,
542 2735 620 2789 cuius
642 2737 800 2806 superiores
818 2745 913 2807 partes
922 2743 1021 2789 essent.
1046 2742 1208 2806 Itaquenu-

132 2845 174 2897 per
194 2827 366 2884 Ilictriclrins
390 2831 523 2898 (Questt.
546 2845 666 2899 gramm.
696 2834 725 2882 et
750 2829 824 2883 eritt.
852 2830 886 2881 de
912 2830 982 2881 locis
1007 2828 1116 2897 aliquot
1141 2827 1209 2891 cte,

132 2919 197 2991 lips.
213 2921 282 2975 1835
298 2942 325 2992 p.
343 2920 390 2990 72)
409 2921 540 2974 concludi
558 2921 697 2974 rationem
724 2921 763 2974 sic
784 2922 910 2991 putauit:
948 2922 1040 2986 itaque
1064 2935 1098 2969 nc
1121 2917 1209 2981 serti-

133 3014 190 3065 tuto
206 3015 329 3082 quidem,
349 3015 395 3080 (ut
413 3019 504 3067 essetr
522 3016 584 3066 else
602 3015 674 3067 uncle
692 3015 799 3079 nicht);
820 3022 848 3067 et
869 3012 970 3065 dicitur
988 3011 1028 3064 sic
1046 3029 1080 3063 nc
1097 3039 1130 3048 -
1149 3011 1209 3079 pui-

133 3104 200 3170 Ιεις
216 3106 264 3159 sed
282 3123 374 3178 neque
390 3105 531 3175 particule
553 3105 741 3188 conclusionis
759 3105 841 3158 index
860 3104 951 3158 amitti
969 3111 1090 3174 poterat,
1109 3119 1209 3171 neque,

133 3196 185 3252 sis
204 3200 333 3270 pertibus
352 3200 388 3251 ud
408 3204 498 3251 tntum
516 3195 589 3251 istic
611 3198 824 3261 transferretur,
847 3204 922 3251 recte
941 3199 1048 3248 deesset
1067 3195 1209 3265 periculu-

134 3306 188 3344 m
206 3291 390 3363 susceptionis
409 3288 524 3344 mentio.
583 3292 682 3360 ltaque
700 3289 893 3343 fortitudinem
913 3290 952 3342 sic
971 3296 1115 3357 tamqnam
1133 3305 1209 3340 sum·

134 3398 200 3436 nur
216 3384 334 3455 adiungi
356 3390 440 3452 pute,
460 3390 501 3447 ut,
520 3400 605 3453 quem
624 3388 690 3436 autc
709 3400 745 3436 ee
764 3401 809 3436 res
829 3383 978 3436 neminntae
996 3378 1060 3445 sint,
1079 3398 1139 3450 quae
1157 3381 1209 3432 sulr

135 3474 287 3544 uplisrcm
307 3483 335 3529 et
362 3476 448 3529 letius
466 3481 610 3544 petentem
637 3475 697 3528 eius
723 3477 837 3530 uirtutis
862 3474 1005 3530 notionem
1030 3474 1133 3526 cudant
1158 3488 1209 3524 acc

135 3570 216 3621 hen
235 3586 268 3622 ce
287 3567 401 3623 nemine
420 3564 562 3638 appellari
580 3568 701 3632 sulcant,
722 3567 769 3619 hic
789 3585 822 3621 ee
842 3569 1041 3637 intellegatur,
1074 3582 1134 3635 qnae
1149 3580 1210 3616 ma-

135 3656 173 3724 gis
187 3660 297 3731 proprie
315 3660 443 3725 dicetur,
462 3678 521 3730 qnae
539 3660 568 3712 in
588 3659 721 3729 periculis
740 3659 874 3712 adeundis
893 3663 1035 3712 cernatur.
1071 3656 1211 3728 Epicurus

135 3745 176 3818 (ἢν
190 3745 315 3826 ἆνδρείαν
330 3749 406 3824 prinu
422 3751 461 3824 μή
480 3753 616 3822 γίνεσθαι,
637 3742 759 3823 λογισμῷ
776 3748 805 3806 δὲ
823 3745 869 3806 voi
886 3755 1065 3823 συμφέροντος
1084 3748 1210 3817 putabat.

136 3840 218 3916 (erog.
237 3846 274 3908 ¹,
290 3843 368 3914 ΙΝ)

191 3938 316 4006 plerique
333 3963 364 3977 -
382 3936 579 4004 perdiderunt)
598 3936 720 4001 Narrat,
742 3935 806 4006 quid
826 3952 897 4004 supe
916 3936 1022 3990 lactum
1040 3934 1092 3995 sit,
1119 3941 1150 3986 ut
1168 3932 1213 3985 in-

138 4028 298 4101 tellegetur,
325 4027 390 4100 quid
411 4029 473 4082 lieri
492 4029 591 4082 soleat.
627 4028 696 4081 Dice
717 4034 831 4098 prepter
851 4027 972 4092 Guium,
991 4028 1037 4098 qui
1056 4024 1212 4080 ludibrium

137 4116 313 4177 munerati
331 4116 472 4186 sdlrilrnit,
490 4122 526 4173 de
545 4138 600 4190 qne
616 4119 673 4173 diri
690 4119 717 4174 in
738 4121 871 4189 disputat.
891 4121 925 4172 dc
943 4127 1001 4173 nat.
1020 4125 1048 4173 et
1067 4118 1213 4171 usulnrm.

139 4215 302 4281 numadum
320 4212 404 4267 uerbi
422 4213 484 4268 Lat.
527 4214 633 4274 (Henn.
654 4212 732 4280 lete)
752 4234 778 4283 p.
797 4218 824 4264 11
842 4232 869 4284 p.
889 4210 924 4265 26
941 4230 1002 4283 sqq.

198 4323 274 4374 quern
288 4312 315 4360 ct
331 4311 446 4360 mertem
465 4307 624 4374 contemnit)
642 4306 704 4361 Nun
723 4323 822 4360 causis
841 4304 997 4366 indicetur,
1015 4303 1063 4356 ssd
1084 4302 1143 4371 ipse
1156 4303 1215 4352 sttr-

1000 4414 1019 4466 7
1064 4456 1072 4471 .
