2706 5018
261 353 318 421 ΕΤ
341 355 451 424 Man.
476 357 560 425 LlB.
583 359 634 426 111
660 360 755 427 CAP.
779 366 809 426 1.
1017 366 1083 429 84⁰

118 552 277 615 nominum
302 573 396 632 ease,
438 576 536 638 quom
567 560 808 621 constituantur
837 578 950 621 earum
974 581 1082 625 rerum

108 653 176 737 nia,
225 660 363 744 quaein
387 681 516 746 quaque
536 674 607 724 arte
633 677 816 727 uersentur.
861 666 893 726 4.
914 662 1029 751 ltaque
1051 680 1084 731 et

108 762 153 824 tici
189 775 222 826 et
248 764 373 850 physici
395 765 507 830 uerbis
528 781 662 831 utuntur
683 772 744 847 iis,
789 780 872 856 qtrac
895 771 959 856 ipsi
980 770 1082 837 Graa-

110 880 161 931 ota
184 889 251 933 non
274 873 350 933 sint.
398 869 596 937 Gcontetrae
614 895 693 938 uero
717 887 749 938 ct
770 876 897 954 musici,
919 898 1082 962 gramma·

108 976 181 1053 iam,
224 997 315 1040 moro
336 977 478 1062 quodam
499 979 652 1044 locuntur
674 1000 748 1043 suo.
796 979 891 1065 Ipsae
913 983 1081 1049 rhetorum

120 1102 203 1166 quae
227 1097 304 1146 sunt
327 1097 415 1148 totae
436 1085 587 1150 forenses
611 1099 708 1171 atque
729 1084 928 1170 populares,
968 1089 1080 1155 uerbis

117 1188 149 1249 in
171 1187 319 1252 docendo
344 1193 439 1276 quasi
460 1195 599 1278 priuatis
623 1205 759 1255 utuntur
784 1214 822 1255 ac
846 1195 927 1256 suis.

110 1336 120 1353 .
161 1292 273 1378 Atque
296 1308 333 1357 ut
365 1299 513 1361 omittant
546 1295 642 1385 [has]
669 1300 749 1362 artis
783 1297 946 1385 elegantis
971 1312 1004 1363 et
1031 1303 1082 1365 in·

108 1418 129 1476 t,
173 1419 214 1461 ne
239 1399 376 1485 opifices
399 1405 530 1488 quidem
558 1407 643 1467 tucri
672 1425 733 1467 stra
767 1402 907 1469 artificia
937 1420 1083 1490 possent,

108 1502 239 1568 sabulis
271 1520 441 1573 uterentur
472 1507 566 1574 nobis
599 1512 798 1596 incognitis,
846 1513 976 1575 usitatis
1006 1512 1082 1577 sibi.

108 1613 198 1674 etiam
223 1614 444 1699 agricultura,
469 1638 552 1700 quae
575 1615 730 1681 abhorret
753 1616 793 1681 ab
815 1618 905 1681 omni
927 1616 1080 1702 politiora

108 1784 129 1835 ι)
144 1784 211 1828 eali
264 1788 285 1831 d.
303 1790 328 1830 et
344 1786 471 1841 dialectici)
486 1788 655 1832 dtolecttctss
692 1785 791 1843 physici)
802 1785 967 1842 ptttoeopdtct
979 1788 1008 1842 P,
1020 1800 1082 1834 corr.

130 1859 238 1915 Greeia)
252 1864 368 1905 eetenttoe
383 1863 406 1908 R
439 1863 659 1918 non)cm.(1’)MR
692 1864 749 1918 etat)
763 1870 822 1906 eant
836 1875 926 1917 omnen,
942 1864 982 1907 ox.
1019 1865 1081 1909 (ieo-

116 1934 277 1988 item)om.1’
312 1952 369 1983 nero
386 1939 418 1993 et)
434 1952 495 1983 aero
511 1938 602 1983 nntctt
630 1938 830 1995 quodam)om.11
857 1939 927 1996 ipen)
943 1939 1006 1984 Retro
1020 1941 1081 1996 tpeoe

108 2015 133 2057 tr.
161 2012 275 2063 docendo)
289 2014 394 2059 dicendo
409 2014 500 2059 nucu
528 2014 581 2068 trax)
596 2028 640 2060 on.
654 2015 675 2059 Β
690 2015 743 2060 etna
758 2014 826 2060 nnete
840 2014 881 2060 or.
909 2016 949 2071 ne)
963 2026 1012 2059 aee
1029 2016 1078 2062 ΜΟ

108 2188 145 2222 am
160 2169 269 2236 rerum)
285 2168 382 2222 Etiam
400 2168 476 2240 Spir.
493 2188 536 2232 eo,
558 2170 720 2243 suscepitque
739 2171 834 2226 Grion.
871 2172 947 2225 Tum
965 2189 1081 2242 prorsus

124 2279 217 2314 rerum
236 2268 265 2314 et
281 2262 375 2332 potius
395 2270 486 2317 totum
505 2262 576 2316 troc:
595 2280 675 2331 quom
692 2266 897 2318 constituantur
915 2292 947 2305 -
966 2282 1079 2318 aeram·

108 2355 281 2407 rnocabuia
302 2354 330 2408 in
348 2363 410 2409 artc
428 2361 586 2418 certantur,
601 2357 649 2408 eed
670 2372 704 2408 ex
722 2357 808 2411 rcbne
819 2354 864 2420 iio,
883 2373 944 2426 qne
962 2354 990 2408 in
1008 2371 1079 2425 qna·

108 2454 302 2510 inornantur,
322 2446 414 2501 oritur
432 2448 640 2501 uocabulorum
659 2448 818 2502 necescitar.
861 2450 1001 2502 Extrema
1021 2447 1080 2518 epi·

108 2544 136 2590 ta
154 2535 258 2592 excidit
277 2544 393 2609 propter
411 2557 529 2610 ecqucne
548 2540 731 2603 instabulum,
750 2542 783 2593 ut
801 2541 814 2607 5
833 2537 877 2591 ta

110 2636 178 2681 nota
196 2649 251 2683 noo
268 2631 339 2699 sint)
358 2630 509 2684 Exciderat
524 2647 578 2680 noo
596 2630 682 2684 etiam
703 2632 731 2683 in
753 2639 889 2701 quattuor
908 2630 984 2684 Pan.
1020 2629 1078 2683 Sed

108 2721 231 2776 debatur
248 2730 332 2785 auat,
360 2724 539 2792 pranieeuma
565 2722 720 2788 sententia3
758 2740 849 2794 neque
878 2720 953 2777 enim
971 2726 1081 2774 certum

108 2832 150 2868 ine
168 2816 322 2869 uerborum
342 2812 446 2868 Grecis
465 2814 628 2885 ignotorum
648 2820 675 2867 ct
693 2815 728 2867 iis
741 2814 883 2867 dialectici
902 2813 1078 2877 utebantnrr

108 2910 153 2962 ine
174 2908 350 2971 utchantnr,
387 2924 448 2976 qun
466 2907 520 2977 ipsi
545 2906 635 2960 Greci
656 2925 710 2959 non
730 2912 852 2960 nossent.
896 2903 1032 2957 Codicum
1050 2901 1078 2958 in

108 3001 132 3055 in
151 3001 207 3054 irac.
227 3002 321 3052 iorrna
337 2998 413 3060 (tuot
434 3004 462 3052 ct
480 3001 563 3069 sint),
583 3017 643 3068 qum
664 2997 769 3069 ubique
787 3002 982 3069 permutatur,
1014 2997 1080 3050 nul·

108 3111 174 3148 rem
193 3097 368 3145 momentum
389 3097 423 3144 st.
459 3093 528 3146 Mox
550 3099 662 3145 etanta
688 3091 786 3144 musici
810 3088 917 3143 addidit
941 3087 1028 3143 Gaius
1046 3105 1081 3142 ex

108 3184 207 3251 tenio,
225 3189 341 3254 excepto
362 3184 435 3237 (iud,
458 3183 485 3236 2.
528 3185 570 3236 Ex
591 3185 614 3236 E
634 3184 788 3238 adnotatur
806 3200 873 3235 uero
895 3189 921 3235 et
938 3181 1056 3249 physici.

108 3296 123 3330 a
140 3279 280 3330 rhetorum
299 3275 390 3345 ortes)
409 3277 547 3330 Ascensus
565 3275 701 3329 orationi·
716 3275 894 3346 significetur
913 3272 1080 3344 pronomine

108 3369 183 3426 nito.
224 3369 293 3422 Item
312 3366 412 3422 uitione
428 3367 602 3445 abtrndobat.
639 3367 760 3433 Tacent,
782 3368 831 3440 qui
850 3367 983 3421 meliores
1002 3364 1080 3419 codi-

108 3468 224 3527 nerunt,
243 3461 294 3515 sed
313 3459 403 3516 tacuit
423 3459 510 3512 etium
529 3456 616 3512 Gaius
636 3459 671 3512 de
688 3461 750 3513 Eri.
792 3467 825 3514 In
843 3458 883 3523 Εξ
906 3467 989 3513 tenne
1006 3455 1081 3510 indi·

108 3552 302 3625 terpoiaticnie
322 3560 379 3619 αῖς
414 3554 524 3605 hahent
542 3551 617 3604 enim
644 3556 746 3620 Itaque
764 3552 841 3622 iptoe.
895 3550 973 3605 Artis
992 3567 1077 3621 quom

108 3646 184 3701 arati
213 3662 350 3710 numero,
387 3644 526 3715 cogitauit
545 3646 581 3697 da
605 3641 687 3696 tibris
712 3651 741 3697 et
764 3644 993 3707 commentariis,
1032 3641 1081 3711 qui

108 3746 167 3793 rtur
186 3740 263 3811 apud
284 3738 377 3808 ipsum
396 3734 580 3801 ciceronem,
616 3736 792 3805 frequentius
810 3737 887 3807 apnd
906 3731 1080 3804 Quinctitia-

108 3831 214 3886 atiud.
234 3832 249 3884 l
269 3827 373 3883 excidit
390 3828 539 3882 rhetorum.
576 3828 653 3882 Tum
671 3844 723 3897 pro
743 3834 835 3881 tanea
851 3827 934 3881 Grut.
955 3843 972 3878 e
990 3824 1080 3878 roal

140 3922 324 3986 sittacenen,
343 3921 391 3974 eed
411 3926 489 3974 recte
507 3921 535 3971 in
554 3920 694 3985 docendo,
736 3918 822 3974 etsie
841 3919 937 3990 Spin,
956 3917 1030 3971 Gud.
1051 3914 1081 3978 Ι,

108 4020 144 4073 lt·
201 4015 284 4069 Artes
300 4013 358 4068 ille
376 4031 432 4068 non
450 4012 584 4067 dicebant
602 4019 631 4066 ct
648 4011 792 4066 oratione·
809 4012 966 4076 habebant,
983 4009 1033 4065 ted
1051 4007 1082 4062 in

108 4105 291 4161 tondendis
310 4122 363 4161 ena
382 4110 411 4159 et
428 4104 545 4176 propria
561 4104 710 4159 habebant
726 4104 828 4159 norbo.

108 4220 129 4279 a.
144 4198 185 4255 tt.
237 4198 291 4253 ta·
316 4196 403 4265 ertit)
439 4198 599 4252 Pronomcu
631 4195 738 4252 omittit
760 4195 849 4252 etiam
872 4195 950 4266 Spin.
1003 4190 1083 4245 Idem

108 4306 139 4347 n
156 4290 246 4345 cotta.
