2706 5018
502 381 749 449 ultAEFu'rlo.
1129 392 1209 459 le

136 572 265 636 l’ostrenro
279 592 378 634 nrrnc
392 588 462 631 non
487 567 615 631 uidetur
627 567 864 631 contemnenda
883 571 916 631 iu
931 571 1100 637 nonnullis
1112 576 1211 643 rebus

134 682 331 765 perspicuitas.
406 672 788 759 alendar‚·1›ogrup11ica
818 697 881 760 ego
914 690 946 738 et
974 680 1105 743 iuuenis
1128 684 1209 749 urilri

132 784 162 849 ol
190 788 360 872 ingenium
392 793 427 845 et
459 782 638 844 doctrinam
672 802 825 866 percarus
855 780 973 845 tollere
1003 787 1206 865 studuimus,-

129 892 245 977 sedego
273 912 380 977 qnam
403 887 444 952 ad
469 887 501 950 id
533 889 700 972 negotium
733 889 882 951 exerceri
910 890 942 950 in
966 894 1047 955 rucis
1077 898 1208 981 scriptis

128 1020 176 1061 non
197 1000 333 1084 possim,
354 998 423 1059 iarn
448 994 577 1057 tandcrn
601 992 773 1079 intellego,
796 1015 855 1056 nec
877 992 960 1059 alter
979 1001 1089 1063 omnia
1114 1003 1207 1068 uidit.

127 1102 224 1189 ltaque
246 1124 410 1168 maxume
441 1102 476 1163 in
501 1100 587 1162 notis
616 1097 719 1161 urulto
742 1098 837 1184 plura
860 1119 1088 1167 romanserunt
1111 1130 1207 1192 quarn

126 1208 256 1288 uellem,
302 1208 453 1293 quadam
487 1206 568 1268 satis
590 1201 740 1267 molesta.
812 1202 982 1270 Nonnulla
1004 1210 1036 1271 in
1064 1217 1209 1277 nnnreris

125 1315 252 1402 aliisque
281 1338 303 1379 a
332 1336 386 1379 rue
419 1315 492 1397 ipso
525 1308 699 1373 scribendo
731 1324 885 1391 peccata,
932 1334 997 1376 non
1025 1314 1209 1398 abnuerim,

125 1424 172 1507 qui
190 1422 322 1485 uideam
345 1443 377 1507 p.
396 1422 461 1485 547
482 1440 540 1504 pro
562 1414 683 1481 llcrilli
706 1418 837 1479 nornine
858 1415 910 1480 bis
932 1420 995 1483 ianr
1015 1423 1124 1505 posito
1145 1438 1209 1489 ter-

126 1530 165 1591 tio
179 1527 264 1607 ,loco
294 1527 462 1591 Aristonis
482 1522 563 1587 mihi
586 1520 772 1606 obrepsisse
792 1536 825 1585 et
849 1521 916 1586 alia
939 1525 1074 1590 siruilia.
1120 1527 1207 1593 Dedi

125 1646 309 1718 operanr,ut
322 1633 576 1715 corrigeremur,
598 1650 669 1714 qua
684 1627 753 1692 ullo
777 1628 873 1692 ruodo
885 1628 1017 1694 turbare
1041 1631 1207 1718 legentem

125 1750 263 1819 possent.
311 1736 450 1803 Nuurcri
475 1737 606 1822 quidem
631 1748 704 1821 post
727 1737 996 1799 commentarium
1019 1738 1208 1805 absolutum

126 1846 165 1908 ita
186 1844 335 1907 studiose
357 1844 427 1907 iere
450 1863 563 1907 omnes
577 1844 696 1905 iterum
710 1842 822 1903 exacti
843 1854 919 1903 sunt
940 1843 980 1904 ad
1003 1845 1093 1929 ipsos
1116 1844 1208 1911 locos

126 1953 246 2027 citatos,
262 1963 298 2012 ut
312 1953 344 2014 in
360 1952 401 2013 iis
416 1952 475 2012 uix
492 1948 598 2012 ullum
612 1960 723 2033 putem
738 1967 881 2010 errorem
893 1946 1055 2013 relictum.
1079 1949 1209 2033 Cetera,

126 2079 188 2143 quae
199 2060 232 2121 in
243 2057 413 2121 Addcndis
423 2058 529 2139 posui,
542 2053 703 2119 eiusmodi
718 2066 806 2132 sunt,
816 2074 887 2138 quar
897 2055 928 2116 in
942 2068 1005 2117 tam
1017 2056 1165 2143 disperso
1178 2073 1211 2123 et

126 2166 210 2227 uario
235 2165 380 2227 nrateriae
404 2184 527 2248 genere
540 2160 647 2225 solent
668 2173 742 2245 post
760 2172 887 2244 ternpus
900 2182 1070 2226 occurrere
1090 2167 1209 2248 partim

129 2271 163 2333 ed
185 2294 245 2350 ea,
266 2291 339 2355 quar
360 2271 523 2355 posueris,
545 2267 695 2352 erigenda
718 2279 751 2328 et
770 2265 1004 2349 confirmanda,
1026 2272 1143 2356 partim
1169 2272 1209 2335 ad

128 2398 179 2456 ea,
226 2397 299 2461 quar
321 2378 494 2454 omiseris,
536 2372 718 2459 supplenda
740 2386 773 2434 et
795 2371 918 2457 aliquid
943 2374 996 2437 lric
1018 2375 1089 2440 illic
1109 2379 1210 2440 corri-

128 2482 282 2566 gendum
300 2484 397 2545 auxit
418 2502 589 2545 numerum
601 2477 823 2565 Wesenbergi
846 2479 989 2564 diligens
1012 2484 1112 2545 totius
1125 2504 1211 2547 cour·

129 2590 257 2651 arestari
274 2587 500 2671 perlustratis.

209 2694 290 2756 llaee
321 2692 445 2773 halrai,
471 2714 541 2779 ques
564 2691 606 2754 de
638 2692 719 2754 rneis
745 2688 893 2753 consiliis
917 2694 1139 2778 institutisque
1164 2694 1212 2757 di-

131 2800 226 2863 cenda
248 2800 451 2863 uiderentur.
496 2796 633 2862 Relicua
656 2799 720 2861 ianr
745 2799 850 2861 oratio
873 2798 1017 2883 deipsis
1044 2797 1213 2862 Ciceronis

128 2902 214 2969 libris
238 2906 312 2968 erit.

631 3120 699 3218 11.

209 3344 229 3419 ς
251 3342 282 3401 1.
323 3336 446 3402 Libros
466 3340 508 3403 de
531 3335 670 3405 Finibus
704 3334 821 3400 Cicero
850 3335 981 3421 scripsit
1009 3335 1140 3404 Coesarc
1164 3340 1214 3407 lv

129 3443 256 3507 consule
278 3446 503 3531 prioreparte
527 3446 605 3510 anni
628 3468 658 3508 a.
680 3442 741 3507 Ch.
764 3464 796 3505 n.
816 3442 859 3505 ta
880 3454 954 3527 post
973 3440 1052 3507 filire
1077 3460 1215 3512 mortem

130 3546 373 3637 absolutamque
399 3550 689 3630 consolationem,
734 3550 850 3613 eodem
873 3548 943 3613 fere
965 3561 1123 3637 tempore,
1150 3576 1215 3639 quo

129 3654 487 3737 Academice,Asturae,
507 3657 564 3724 abi
584 3657 699 3722 uillarn
714 3653 868 3735 habebat,
890 3655 1095 3721 breuissurno
1107 3663 1215 3745 spatio

128 3774 159 3826 ct
184 3763 357 3841 celeritcr3
393 3764 562 3849 expolitos
585 3764 704 3828 deinde
728 3759 878 3826 nonnihil
902 3762 941 3826 ed
966 3760 1104 3828 Brutum
1128 3768 1218 3831 misit

129 3882 158 3931 et
185 3870 372 3957 diuulgauit
401 3883 516 3935 restuto
537 3871 652 3936 cedern
675 3892 740 3934 ono
770 3889 843 3933 caru
869 3868 1097 3952 Academicis,
1144 3895 1216 3958 qua·

129 3972 248 4039 intem
269 3978 304 4040 in
325 3972 428 4040 aliam
449 3977 589 4044 formam
610 3977 797 4065 redegerat.
809 3976 834 4059 ¹)
881 3974 994 4060 (Quod
1012 3976 1217 4043 Goerenzius

127 4144 353 4163 ξ·-

146 4244 172 4315 ι)
187 4246 222 4303 lrr
248 4246 388 4323 epistulis
410 4246 448 4301 sd
474 4246 607 4305 Atticum
628 4250 721 4323 prima
746 4248 922 4323 significatio
945 4251 1048 4307 nomm
1075 4246 1218 4301 librorum

187 4338 305 4397 sidau
323 4356 391 4397 mc
407 4338 477 4403 Xll.
492 4344 544 4406 ts,
560 4346 594 4395 2:
612 4342 659 4399 De
673 4344 797 4415 Epicure
814 4341 860 4409 (id
878 4350 922 4399 est
939 4344 976 4397 de
993 4341 1056 4395 eins
1075 4336 1218 4390 sententis

188 4430 218 4487 in
233 4432 364 4491 elicuiru
381 4448 506 4505 persona
523 4433 708 4508 explicandum
727 4454 786 4493 non
806 4452 878 4508 opus
897 4452 961 4490 csse
977 4429 1110 4485 uidetur.
1129 4426 1218 4481 scribi
