2706 5018
344 346 404 413 ΕΤ
426 344 537 413 Mella.
559 343 643 410 Llll.
665 346 697 410 V
720 344 816 410 CAl'.
838 349 891 408 24.
1103 348 1163 410 741

103 539 307 606 nllammatum
330 544 364 606 in
388 545 430 606 iis
452 541 639 628 potiendis,
662 564 744 628 qnae
770 561 937 605 acerrume
961 540 1165 624 concupiuis-

102 661 146 725 tet,
167 661 252 712 tenta
276 646 404 711 laetitia
427 648 578 732 perfundi
602 649 817 723 arbitramur,
852 661 972 733 quanta
993 659 1049 708 out
1069 667 1163 727 supe-

102 755 192 816 iorem
207 753 411 831 Africanum,
435 752 624 817 Hannibale
637 756 737 833 uicto,
759 767 815 816 aut
828 753 1055 835 posteriorem,
1080 751 1163 814 llar-

102 855 206 943 hagino
228 859 369 922 euersa?
407 858 513 935 Quem
540 854 701 922 'l'iberina
722 858 893 922 descensio
918 857 1003 920 sesto
1026 855 1085 919 illo
1111 858 1163 920 die

102 976 164 1026 auto
183 965 304 1051 gaudio
332 964 472 1043 adfecit,
506 978 628 1050 quanto
651 963 689 1030 L.
713 963 887 1041 Paullum,
930 983 1027 1048 quom
1048 983 1162 1046 regem

102 1068 191 1133 'ersen
204 1084 332 1156 captum
350 1071 537 1148 adduceret,
557 1070 671 1134 eodem
684 1068 819 1134 flumine
832 1071 1001 1134 inuectiol
1022 1071 1075 1131 71.
1088 1067 1161 1153 Age

130 1262 163 1318 tn)
175 1265 245 1310 dish
274 1263 400 1322 potiendis)
415 1263 580 1320 cupiendirss
623 1265 804 1322 eoncupinlrret)
820 1265 983 1320 eorrtputrses
998 1262 1060 1307 PCR
1087 1264 1162 1314 trote)

102 1341 175 1384 sets
213 1340 345 1393 descensio)
359 1341 479 1384 dissensio
494 1339 535 1384 nc
549 1342 669 1385 decursio
691 1341 775 1387 Pllor.
820 1341 892 1394 serto)
905 1338 1009 1384 sextolt
1052 1339 1162 1389 insertio)

102 1422 169 1460 uren
183 1417 245 1462 Pois
260 1418 388 1461 inuectum
403 1416 422 1460 b
476 1416 511 1460 u.
525 1416 586 1473 Age)
602 1417 674 1474 Auge
690 1417 710 1461 B

146 1597 270 1652 Tiberino
287 1597 442 1663 descensio)
459 1597 609 1668 Signilicsi
631 1599 704 1652 diem
725 1598 817 1654 Fortis
838 1599 986 1662 Fortuna,
1024 1603 1056 1651 ul
1070 1599 1162 1651 Uarro

102 1690 195 1753 apellat
212 1692 244 1744 la·
263 1691 296 1743 la.
315 1691 352 1742 Vl
369 1709 396 1758 p.
413 1690 449 1744 56
466 1690 540 1759 trip,
559 1692 689 1763 quierat.
709 1708 734 1745 a.
756 1694 782 1744 d.
797 1691 944 1751 vtttttnt,
963 1708 1018 1743 non
1037 1690 1161 1753 Sextilis,

102 1778 307 1847 lcumernrius,
325 1799 378 1834 nco
395 1782 580 1852 Septembris,
599 1790 630 1837 nt
645 1782 792 1836 Ernestius
810 1788 837 1834 et
858 1778 945 1833 Gsiur
963 1780 1076 1842 dicunt,
1112 1782 1160 1833 red

102 1867 219 1926 uincatis
241 1873 339 1940 (Ouili.
358 1875 433 1927 Fast.
447 1876 495 1938 VI,
514 1875 577 1936 77t,
598 1875 714 1928 calend.
734 1881 802 1928 usit.
822 1875 897 1942 apud
909 1873 998 1929 Orell.
1018 1871 1160 1942 Inscriptt.

102 1965 144 2015 su.
164 1966 187 2017 ll
207 1985 234 2035 p.
252 1965 329 2032 392).
365 1967 407 2018 Ee
426 1966 471 2018 die
500 1965 651 2019 interulis
670 1965 786 2019 iuuenes
803 1967 867 2019 leta
885 1964 1017 2018 conuiuia
1035 1964 1063 2017 iu
1081 1982 1161 2034 cym-

102 2044 273 2125 inspirantes
291 2060 412 2111 secundo
433 2057 551 2111 flumine
573 2059 766 2127 neuigsbsnt,
795 2059 824 2111 id
844 2065 903 2122 est,
941 2057 1159 2118 descendebant,

102 2150 105 2188 ἱ
125 2144 284 2217 Propertius
302 2150 430 2220 loquitur
452 2156 487 2214 ΙΙ,
506 2151 532 2213 d,
553 2150 587 2203 ltt
605 2149 785 2220 (Tranquillo
806 2157 868 2203 tuta
886 2150 1030 2202 descendis
1044 2150 1161 2214 flumine

102 2237 180 2301 urdo,-
198 2241 249 2292 cir.
270 2241 387 2295 Sueton.
407 2241 472 2298 Tin.
504 2242 564 2307 1⁰).
616 2244 688 2297 Nam
716 2244 935 2307 dorvencionem,
970 2250 1002 2297 ut
1027 2240 1159 2296 lintrisiur

102 2323 165 2393 lidit,
185 2332 259 2383 lianc
278 2331 441 2387 Ciceronem
464 2335 633 2405 appellasse,
654 2335 764 2406 optumi
784 2335 894 2387 codices
909 2312 1069 2395 testunlur,
1089 2335 1159 2397 Eri.¹

102 2415 151 2493 rie,
172 2419 312 2491 Eticnsis‚
331 2443 398 2495 rugo
417 2426 513 2489 Crat,
533 2441 550 2477 tr
567 2427 668 2495 quibua
688 2427 840 2479 lenissume
859 2425 1015 2490 discedunt,
1033 2425 1083 2497 qni
1100 2426 1159 2477 dis-

102 2513 156 2563 rrsio
176 2514 283 2567 liabent
302 2517 448 2582 (meliores
467 2517 586 2580 Uictori,
602 2519 687 2581 Pall,
707 2525 823 2588 crcepto
841 2519 867 2581 d,
886 2516 1036 2570 Dauiritmi
1054 2517 1159 2585 plures,

118 2605 311 2670 monacensi„
346 2607 386 2677 ξφ
405 2609 552 2670 dissentio,
572 2610 596 2661 U
616 2617 643 2661 et
663 2610 784 2662 Uindob.
808 2608 894 2660 etium
913 2608 1072 2675 discensio).
1101 2608 1159 2660 Pro

102 2713 122 2748 tc.
137 2698 163 2750 in
184 2695 249 2750 eliis
268 2700 388 2765 (Manet
408 2707 436 2753 ct
455 2700 555 2764 Tetti,
576 2705 710 2770 quattuor
732 2699 831 2764 Lbirri,
850 2700 914 2751 Pel.
936 2700 962 2762 d,
981 2699 1047 2751 Per.
1067 2697 1083 2749 l
1103 2698 1157 2765 (Ρ)

112 2788 137 2853 ³,
159 2790 234 2843 Gud.
255 2794 384 2861 citroque,
403 2789 485 2852 Ber.)
502 2793 688 2846 substitutum
706 2800 731 2846 st
750 2791 885 2856 decursio,
904 2791 979 2860 quod
997 2794 1061 2860 port
1078 2788 1155 2843 Mun.

102 2880 193 2951 orique
215 2883 371 2951 probarunt
388 2892 506 2953 propter
525 2885 609 2937 Ouidi
631 2886 666 2937 de
686 2885 742 2938 bec
760 2901 792 2938 re
811 2901 941 2937 uerrums
987 2881 1061 2933 Pers
1078 2882 1156 2949 pede,

102 2988 132 3023 rs
150 2973 234 3025 etiem
252 2974 336 3026 celeri
352 2976 490 3029 decurrite
507 2977 610 3045 cpmbs,
647 2979 685 3030 Et
703 2983 800 3046 sptum
812 2974 871 3029 rino
888 2972 975 3028 dubio
989 2973 1158 3026 decurrendi
1189 3020 1191 3024 Α

102 3066 184 3119 rbunr
204 3072 266 3119 oret
285 3066 319 3118 ad
339 3067 412 3119 benc
431 3068 569 3121 ludicram
588 3066 799 3140 nauigationem
827 3065 1061 3137 significandam,
1098 3069 1158 3117 tru-

102 3159 179 3211 ctum
200 3175 218 3211 s
236 3157 359 3211 militum
380 3159 545 3213 decursione
563 3159 670 3229 iisque,
707 3159 813 3232 quein
833 3158 925 3223 ludis,
961 3157 1042 3209 ucltrt
1062 3153 1158 3218 Troia,

102 3248 186 3303 uilem
204 3249 327 3320 speciem
346 3251 505 3313 hebebant3
524 3251 669 3322 proprium
689 3267 752 3305 eum
771 3250 855 3304 liuius
873 3250 916 3302 rei
935 3246 1158 3319 appellationem

102 3341 167 3406 isse,
204 3342 331 3395 minume
350 3359 383 3395 ex
404 3342 456 3395 illo
475 3360 559 3395 uersu
578 3342 744 3408 conticitum
784 3340 1061 3410 nccminuroptum
1083 3340 1157 3393 slte-

102 3452 126 3487 m
145 3441 218 3496 crat,
239 3434 283 3487 cui
304 3435 457 3502 presertim
476 3435 649 3488 contrarium
668 3436 851 3506 responderet
871 3450 972 3487 nornen
990 3428 1158 3485 inuectionis

102 3526 199 3579 luerro
218 3526 361 3594 flumine).
416 3526 471 3595 Qui
490 3525 642 3596 scriptores
661 3525 833 3581 decurrionis
853 3531 882 3580 et
899 3523 1087 3579 descensionis
1106 3540 1157 3576 no-

103 3618 186 3671 uibus
205 3617 246 3670 usi
266 3618 340 3682 siut,
360 3619 396 3670 sd
415 3615 575 3673 huiusmodi
596 3620 820 3674 controuersiam
842 3618 1032 3673 dirimendam
1052 3618 1158 3671 trustra

102 3711 212 3773 eritur,
250 3728 334 3781 quom
365 3716 516 3780 utrumque
544 3710 649 3765 usitata
667 3718 695 3764 et
715 3711 859 3765 communi
878 3711 973 3764 lorum
989 3711 1025 3762 sb
1045 3707 1157 3763 usitatis

101 3802 160 3855 rbis
179 3803 309 3855 ducetur.
346 3800 435 3854 tidem
451 3800 570 3866 codices,
589 3802 617 3855 in
637 3803 737 3871 quibus
755 3804 896 3857 descensio
913 3801 1065 3861 scribitur,
1084 3801 1153 3853 slte-

102 3913 126 3948 m
147 3911 246 3948 uersm
268 3892 440 3962 scriptorem
459 3894 583 3956 babent,
604 3894 724 3946 inuectio
745 3895 837 3958 (Eri,
859 3893 952 3962 Spin,
972 3910 1037 3946 nam
1057 3891 1092 3943 de
1111 3908 1157 3943 ce·

102 3986 131 4040 is
148 3987 294 4052 tacetur),
332 4000 416 4053 quem
436 3982 570 4038 Droiriur
588 3981 752 4039 conice-turs
772 3985 929 4038 inuenerat.
966 3970 1042 4037 llinc
1060 3982 1089 4036 in
1108 3983 1157 4035 de·

102 4078 201 4133 iorum
221 4075 348 4146 principe
366 4077 474 4129 lectum
493 4081 555 4128 erat
573 4074 691 4140 inuecto,
711 4077 785 4147 quod
804 4083 846 4129 est
864 4075 892 4129 in
913 4074 1020 4146 susp,
1040 4073 1157 4129 Grisnir

102 4169 189 4227 Lienis.
226 4166 356 4222 atium
369 4165 434 4220 inde
451 4168 569 4234 scrut,
584 4164 669 4230 utu..
688 4167 818 4223 bisuntio
830 4167 867 4222 ed
885 4168 989 4222 (isium
1006 4171 1158 4222 tenuerunt

102 4268 217 4325 meurs,
244 4262 389 4330 sumptum
410 4275 443 4313 er
461 4258 559 4330 reliquo
578 4259 675 4316 codice
693 4258 783 4317 nostri
803 4259 825 4314 b
843 4259 947 4326 simili,
983 4258 1024 4313 sle
1045 4271 1156 4333 qnoque

102 4352 190 4408 biecto
211 4350 349 4406 orstierls
367 4357 504 4406 serentes.
