2706 5018
143 378 206 440 154
493 372 553 436 DE
576 368 752 439 l'lNlBUS
775 369 877 438 BON.

144 592 258 656 parurn
283 569 392 653 plane.
444 566 598 631 Uurietus
619 570 707 631 eninr
729 567 883 630 Latinum
906 563 1039 629 uerbum
1060 578 1107 643 st,
1124 565 1179 649 ilqu

143 677 275 760 proprie
299 674 427 760 quidem
448 676 481 737 in
504 673 688 758 disparibus
711 672 876 738 coloribus
896 672 1033 750 dieitur,
1053 672 1180 735 sedtrsu

147 782 250 844 fertur
274 783 308 843 in
332 779 435 843 multa
460 781 621 865 disparia:
665 768 793 843 riarium
816 788 949 861 potitus,
993 784 1089 841 suris
1111 779 1180 841 orati

143 892 235 950 uarii
258 907 386 965 mores,
432 892 529 949 uure'u
554 887 706 962 fortuna,
750 885 903 970 uoluptas
922 887 1021 949 etiarn
1046 886 1180 949 sartari

143 992 247 1072 solet,
284 1015 380 1078 quom
405 995 621 1078 percipitare
646 991 759 1056 multis
782 989 996 1054 dissimilibus
1017 989 1112 1055 rebus
1131 993 1180 1054 diss

142 1099 230 1164 milis
254 1099 478 1163 eefieientibus
510 1100 707 1183 uoluptates.
771 1099 851 1162 Earn
875 1100 903 1160 si
929 1101 1119 1161 uarietatem
1140 1098 1180 1160 die

142 1227 213 1283 res,
258 1204 505 1292 intellegerem,
548 1220 584 1267 ut
607 1208 705 1268 etiam
743 1227 806 1267 non
836 1205 965 1267 dicente
999 1217 1032 1267 te
1063 1203 1180 1288 intellsg

143 1311 209 1375 Ista
241 1314 385 1374 uarietas
413 1334 496 1398 quae
529 1314 591 1390 sit,
635 1334 698 1374 non
730 1314 810 1374 satis
835 1312 1016 1396 perspicio,
1064 1310 1143 1394 quod
1162 1311 1180 1372 ai

142 1440 239 1503 quom
272 1417 385 1481 dolore
417 1440 603 1495 careamus,
645 1433 713 1482 turn
741 1420 774 1480 in
804 1438 931 1480 summa
963 1415 1131 1501 uoluptate
1162 1437 1180 1478 n

142 1545 235 1602 essa,
257 1545 353 1608 quum
377 1538 485 1586 autem
512 1546 683 1586 nascamur
703 1526 744 1586 iis
769 1521 880 1600 rebus,
899 1544 983 1607 quae
1008 1522 1134 1586 dulcem
1155 1542 1178 1584 n

142 1643 210 1692 tum
242 1629 392 1693 adierant
425 1629 596 1707 sensibus,
640 1645 707 1693 tunr
738 1651 811 1693 esse
840 1631 874 1691 in
900 1642 990 1692 motu
1015 1628 1180 1713 crolnptutn

141 1739 197 1822 qui
221 1737 320 1800 faciat
339 1740 531 1801 uarietatem
558 1735 782 1820 uoluptatum,
827 1735 883 1797 sed
908 1755 973 1797 non
999 1736 1113 1818 augeri
1135 1732 1179 1797 illa

195 1904 285 1959 perum)
300 1916 344 1948 om.
359 1903 402 1947 1³11
474 1901 578 1958 proprie)
591 1900 752 1956 propriumc
821 1898 845 1943 in
860 1900 1180 1957 disparibus)msrspsrtiss

140 1979 211 2023 etis!
231 1980 307 2033 naris)
331 1994 355 2025 u.
371 1980 437 2022 etl}
471 1982 494 2032 e)
508 1992 539 2021 ss
553 1978 592 2020 ΡΟ
620 1976 749 2028 dissimilis)
769 1977 926 2031 dissimiliter
946 1977 1100 2022 LPMcuor.
1122 1975 1180 2020 etet

139 2055 210 2108 tibus)
231 2057 374 2109 efficientes
401 2054 420 2097 E
456 2056 489 2106 te)
512 2059 601 2108 trsnsp.
621 2057 676 2095 ente
696 2064 744 2095 nen
765 2050 801 2106 b,
828 2058 883 2096 snts
904 2054 1040 2098 diceutel’
1073 2054 1110 2105 iis)
1129 2051 1180 2095 lsisl

136 2130 255 2183 adferent)
269 2133 379 2186 afferunt
393 2130 413 2173 E
443 2130 490 2186 qul)
508 2143 561 2183 quoe
578 2126 687 2171 LPMOR

137 2265 173 2318 82
201 2283 255 2319 nun
280 2267 423 2337 reperitur
449 2269 507 2320 hec
533 2270 626 2320 torma
653 2265 680 2318 in
714 2264 859 2318 codicibus
894 2264 1104 2332 Ciceronianis,
1137 2266 1180 2320 sed

137 2356 325 2427 Quinctilium
344 2358 485 2418 codicibus
504 2345 684 2423 neccssiinr);
705 2375 770 2411 nam
789 2358 905 2427 propriu
922 2375 1034 2424 caussa,
1052 2377 1102 2412 eur
1121 2357 1180 2411 bisi

136 2450 175 2504 eis
194 2451 235 2505 ita
254 2453 353 2506 (licere
374 2450 534 2521 scripserit,
564 2453 645 2505 nulla
668 2451 781 2504 nurnine
802 2461 844 2511 st;
886 2468 955 2521 ergo
974 2468 1054 2505 cesus
1072 2452 1180 2505 biedns

136 2552 231 2598 natur.

205 2634 346 2686 dissimilis
366 2636 552 2701 reficientibus
570 2636 739 2702 uoluptates)
759 2637 806 2689 Sic
824 2635 959 2706 scriptum
978 2646 1041 2689 erut
1056 2636 1085 2691 iu
1100 2637 1180 2708 ”sliqr

135 2729 280 2783 ueteribus
298 2727 396 2780 libris''
416 2725 495 2781 Lbini
516 2737 544 2781 et
562 2728 648 2780 edidit
669 2728 846 2781 Gruteruss
874 2729 935 2785 Pal.
953 2730 988 2793 13
1022 2731 1114 2784 solum
1139 2728 1180 2784 stit

135 2823 281 2875 dissimiles
299 2820 327 2873 in
348 2838 438 2891 marg.
462 2822 537 2873 Crat.
554 2820 724 2883 adnotatum
760 2820 835 2889 Scir.
864 2838 929 2874 eum
947 2822 1007 2875 Erl.
1027 2832 1180 2891 pretores«

129 2916 274 2982 ficientes,
294 2931 407 2974 errore;
444 2911 549 2976 ceteri,
570 2920 601 2964 ut
622 2911 707 2965 nestri
727 2913 890 2967 deteriores.
925 2913 1105 2969 Adiectiucm
1124 2932 1180 2969 mss

133 3014 287 3060 tenuerunt
308 3005 442 3059 liauisius
463 3014 491 3058 et
511 3003 675 3069 Ernesti1u3
704 3021 795 3075 neque
814 3005 888 3056 enirn
908 3006 943 3056 de
963 3007 1047 3060 mado
1068 3009 1180 3078 uolupts

133 3099 290 3153 celiciendsr
307 3097 413 3168 agitur,
431 3098 478 3150 sed
498 3099 532 3149 dc
551 3096 733 3150 dissimilibus
753 3098 946 3166 uoluptatibus
958 3096 987 3151 in
1008 3115 1094 3152 unum
1114 3099 1180 3153 ussit

132 3192 350 3245 confluentibus.
400 3189 425 3240 Ε
442 3191 536 3242 multis
555 3208 650 3243 omnes
676 3189 728 3241 Gzi
750 3190 829 3241 cedd.
849 3190 913 3253 (Ox.
936 3193 991 3256 ψ);
1026 3190 1055 3244 in
1081 3192 1142 3244 edd·
1160 3207 1180 3243 st

132 3284 194 3334 fera
213 3300 253 3333 es.
283 3283 348 3333 lllux
372 3283 392 3334 l.
413 3282 446 3334 F.
465 3280 628 3334 Grnnuuius
647 3282 694 3344 (nd
716 3279 778 3337 Liu.
798 3281 888 3345 llllll,
907 3280 957 3347 39)
975 3280 1004 3335 in
1023 3284 1121 3337 cadica
1138 3290 1180 3355 opt

131 3391 197 3436 rue,
227 3380 258 3425 ut
277 3371 333 3435 nit,
359 3372 425 3425 lidei
444 3373 579 3441 scriptum
599 3372 671 3427 uidit
689 3375 770 3427 ctiam
789 3374 913 3435 dicente,
934 3376 1008 3427 unde
1027 3375 1136 3430 infelici
1152 3392 1180 3429 es

131 3464 240 3517 iectura
259 3461 379 3515 ecleeit:
397 3465 479 3515 ctiam
498 3465 642 3518 indicente.

199 3557 271 3622 qued
288 3557 343 3620 uis)
374 3553 447 3607 Dixit
465 3556 564 3626 paullo
585 3557 721 3619 breuius,
747 3558 802 3610 bae
818 3557 973 3612 sententia:
999 3580 1060 3631 quoe
1079 3563 1107 3613 in
1124 3574 1180 3629 esp

130 3648 185 3698 sita
206 3648 260 3708 sit,
293 3650 384 3714 quod,
413 3656 444 3699 ut
463 3650 524 3710 eis,
543 3677 578 3692 -
596 3650 624 3700 s'n
643 3667 746 3701 samma
766 3651 909 3717 uoluptate
929 3653 1014 3704 simus
1034 3653 1088 3707 cicc.
1132 3654 1180 3707 tta

129 3737 264 3792 Daesisius
285 3757 336 3792 nec
350 3739 490 3793 intellexit
509 3741 607 3794 Gaius.

199 3833 247 3897 qui
260 3832 365 3896 faciut)
384 3829 431 3885 Sic
448 3832 629 3887 scribendum
649 3849 727 3899 esse,
746 3835 879 3888 Dauisius
899 3835 1032 3900 uiderst;
1060 3853 1092 3889 ex
1112 3837 1171 3890 sn.

129 3920 204 3992 Spin.⁴
219 3922 305 3976 cslidit
324 3921 419 3977 Gzius.
456 3926 487 3976 ln
508 3932 586 3978 motu
606 3927 697 3991 errim,
717 3945 771 3980 non
792 3926 820 3979 in
843 3929 1012 3996 uoluptate,
1048 3944 1180 3982 cauusu

127 3997 381 4069 rietstiscstfll'ec
402 4015 459 4069 buc
478 4018 609 4086 pertinet,
630 4019 704 4088 quud
724 4019 780 4087 §7⁵
800 4037 832 4073 ea
854 4021 998 4089 uoluptas,
1017 4036 1080 4088 que
1100 4021 1180 4075 inne

126 4107 178 4172 sit,
215 4107 310 4162 iacere
331 4109 459 4179 aliquam
479 4110 648 4164 uarietatem
667 4110 780 4165 dicitur.
840 4113 911 4166 liam
937 4111 986 4165 bie
1005 4129 1057 4165 nee
1075 4112 1104 4165 is
1129 4130 1180 4168 uus

125 4199 270 4254 notionem
290 4201 423 4272 coniungi
441 4208 534 4272 petest
552 4203 580 4254 in
597 4209 670 4254 motu
691 4206 875 4272 uoluptatem,
901 4212 932 4259 ut
950 4206 979 4256 in
997 4211 1072 4257 metri
1093 4206 1180 4261 diusll

32 4329 34 4333 .
128 4298 175 4343 tur
194 4294 315 4356 uuerbe
334 4311 393 4349 esse
411 4292 662 4366 intelligaturque:
698 4294 898 4365 discrevisse,
935 4304 964 4352 st
989 4296 1107 4351 additur
1135 4298 1180 4353 ast

123 4387 240 4445 pistum.
