2706 5018
192 368 258 435 DE
279 367 457 439 FlNlBUS
478 368 583 436 Bon.
605 369 665 435 ΕΤ
688 370 798 436 MAI..
821 371 906 437 LlB.
929 372 988 437 ΙΙΙ.
1080 378 1144 439 un

126 570 225 628 inter
250 563 309 629 hos
324 576 357 629 et
379 561 510 628 Stoicos
532 565 724 646 oerdornrn,
756 589 821 632 non
845 590 952 632 rernns
978 579 1141 634 certarnen

130 669 300 749 danne,
342 682 376 735 et
401 670 553 752 Stoicos,
596 680 629 736 si
648 672 818 737 nerlornrn
839 675 1011 767 splendore
1028 698 1141 760 perse·

112 777 268 854 uellent,
300 784 336 841 in
355 777 534 860 Pyrrhonis
556 789 590 844 et
613 780 782 844 Aristonis
807 786 892 844 nitio
913 784 1080 862 incidere,
1105 794 1139 846 nt

108 904 149 945 :ns
176 884 387 947 selectionem
414 894 447 947 et
469 891 574 969 opsono
598 892 752 950 oirtntesn
775 887 949 966 tollerent,
976 889 1139 961 Catonern,

108 988 297 1053 Ciceronem
317 1010 381 1053 non
398 999 489 1054 recte
510 992 663 1055 indicare
688 993 888 1070 ostenderet,
911 1001 1011 1057 totarn
1034 995 1138 1058 Zeno-

118 1092 372 1180 Stoicorumque
406 1104 602 1161 sententian
637 1100 810 1182 explicare
843 1119 1034 1183 aggressum
1072 1121 1141 1163 esse

108 1204 155 1277 8,
187 1205 254 1285 4).·
295 1201 350 1266 Ea
372 1204 556 1287 explicatio
581 1202 767 1269 loninsnsodi
785 1215 840 1269 st:
885 1206 985 1268 Onne
1006 1208 1141 1285 arsissent,

108 1310 243 1392 nlntqne
266 1318 378 1373 natans
403 1318 452 1389 st,
496 1331 531 1372 se
554 1330 750 1375 conseruare
773 1312 882 1376 studet
904 1321 937 1375 et
958 1332 1049 1375 snsnn
1073 1321 1140 1374 sta-

108 1460 132 1491 ›‚
164 1434 300 1498 qnoque
321 1423 392 1479 es'ers
415 1425 522 1479 stotns
546 1424 778 1481 consernontia
801 1428 895 1498 ssent,
937 1420 1069 1501 tttsgm
1105 1424 1140 1480 in

117 1520 225 1595 relos,
251 1543 332 1605 qnos
355 1531 477 1586 notnra
491 1529 620 1607 prinas
642 1525 788 1608 adpetit,
814 1527 969 1608 nolnptns
992 1544 1057 1587 non
1080 1533 1140 1599 est,

120 1632 295 1711 integritas
321 1635 465 1712 corporis
488 1636 621 1713 einrqne
640 1638 804 1714 partinens,
844 1652 950 1694 rernsn
978 1636 1139 1713 cognitio·

134 1743 285 1820 artesque
306 1736 354 1818 (a.
378 1737 429 1818 5).
500 1733 602 1808 (loom
620 1742 727 1819 igitur
750 1739 828 1800 aliea
852 1757 904 1799 res
922 1736 1140 1800 astromnbs'les

108 1846 134 1915 t,
179 1841 267 1925 qnod
296 1850 354 1904 ant
377 1842 552 1906 secundans
576 1852 727 1905 natnrans
746 1851 841 1920 sont,
886 1842 1038 1905 onitate
1061 1842 1142 1926 qnid

108 1942 219 2023 totone,
265 1948 343 2010 aliea
363 1947 640 2026 inoestnrnobiles,
673 1968 746 2032 qna
762 1949 832 2010 illis
857 1953 1033 2010 contraria
1054 1956 1140 2023 sont,

108 2061 240 2115 rantes·
263 2053 445 2131 sumenda,
468 2053 518 2117 leco
541 2054 719 2117 reicienda
742 2059 832 2129 sint,
854 2059 993 2137 prinsnns
1015 2063 1047 2116 st
1069 2049 1138 2131 offl-

109 2178 150 2232 ιι,
179 2178 215 2221 se
236 2178 452 2238 conseruare,
479 2160 600 2223 ‹leinde
623 2161 765 2244 seligere
789 2179 848 2238 ea,
871 2179 943 2245 qna
964 2160 1139 2223 secnndnsn

108 2270 196 2325 torosos
221 2270 307 2343 sint,
355 2275 389 2328 et
417 2271 544 2329 reicere
576 2271 745 2329 contraria
752 2291 764 2345 3
812 2285 906 2351 anons
937 2275 1044 2329 antens
1079 2264 1140 2326 lroc

108 2377 233 2432 ntonter
257 2379 292 2432 et
312 2380 441 2435 natnrce
467 2379 701 2445 conuenienter
713 2369 779 2450 fit,
804 2381 870 2434 isan
895 2371 1019 2434 demnrn
1041 2373 1139 2432 intel·

110 2478 267 2558 iinei'Jsst,
288 2476 370 2561 qnid
392 2482 436 2538 sit
460 2476 587 2556 bonesen,
609 2487 641 2539 et
664 2477 726 2539 hoo
751 2483 854 2559 ipson
875 2478 1000 2540 adosse.
1049 2474 1137 2539 ann

108 2585 199 2662 :ipsa
223 2587 456 2644 conuenientia
478 2582 644 2645 honesturn
668 2589 871 2658 continetur,
894 2582 982 2666 qnod
1005 2591 1038 2646 et
1055 2603 1139 2645 snns·

109 2704 132 2745 ι
155 2694 189 2749 et
216 2707 315 2749 nrsnns
349 2686 464 2752 bossenn
495 2697 527 2750 st
560 2698 594 2751 et
623 2689 724 2751 solnm
751 2696 887 2771 propter
916 2708 951 2750 se
982 2697 1139 2771 enpeten·

108 2808 141 2863 ¹3
180 2799 290 2877 prima
322 2802 429 2857 antean
458 2805 587 2859 notrsroe
618 2814 683 2857 non
709 2801 846 2876 propter
878 2814 913 2854 se
952 2793 1139 2875 expetenda

108 2902 133 2973 n,
158 2908 192 2961 et
214 2910 325 2963 tanen
347 2906 455 2963 omnia
478 2899 588 2979 offlda
610 2900 651 2964 ab
673 2905 717 2962 iis
737 2897 995 2982 proficiscnntnr
1017 2900 1065 2980 (a.
1088 2900 1138 2977 o).

108 2998 216 3083 betitio
248 3012 354 3069 animi
380 3027 445 3069 non
472 3008 518 3070 ad
548 3008 689 3093 quodnis
717 3011 796 3068 nita
827 3024 951 3087 genno,
993 3003 1053 3066 sed
1094 3004 1140 3065 od

108 3110 205 3174 istan
219 3111 370 3188 fortnans
394 3113 534 3175 ninendi
556 3113 637 3176 data
660 3120 708 3190 st,
740 3098 882 3194 iteasqrse
904 3115 1011 3186 ratio,
1034 3118 1073 3173 nt
1095 3110 1140 3171 ad

108 3214 227 3285 tecta·
251 3223 433 3296 rationem,
461 3237 535 3304 qna
555 3222 722 3300 rapientia
748 3226 782 3279 et
801 3223 908 3279 nirtns
934 3222 1000 3292 est,
1021 3234 1138 3296 persee-

108 3326 167 3385 tnr.
223 3322 405 3408 Sapientia
428 3326 583 3388 nltnrnnrn
602 3332 643 3400 st,
667 3343 732 3385 soon
756 3321 888 3407 aliquid
906 3330 1006 3384 extra
1029 3342 1064 3383 se
1087 3340 1138 3382 ec-

108 3441 157 3507 ne,
173 3428 233 3493 sed
255 3435 330 3513 ipsa
352 3436 452 3506 actio,
477 3437 519 3506 et,
545 3429 632 3512 qnod
656 3438 746 3492 recte
758 3428 894 3505 sactnns
914 3437 955 3508 st,
978 3429 1016 3491 id
1036 3434 1139 3490 annis

108 3536 177 3597 tntis
204 3554 355 3599 numeros
388 3542 424 3599 in
452 3556 488 3598 se
519 3540 675 3597 eontinet.
753 3533 866 3599 Uirtus
892 3543 999 3598 nestern
1031 3538 1141 3597 teneri

108 3648 254 3723 inoleat,
286 3647 356 3706 nisi
371 3649 553 3718 statuatur,
588 3638 675 3703 nilsit
696 3661 784 3717 esse,
815 3641 902 3725 qnod
923 3645 1054 3704 intersit
1080 3647 1138 3701 ant

108 3736 182 3809 ΓΜ
209 3746 307 3811 alind
334 3745 375 3810 ab
408 3747 476 3811 olio
505 3748 587 3832 (asso
620 3746 736 3812 hannon
756 3755 814 3809 ant
838 3747 956 3810 rnalnrn
978 3748 1036 3825 sit)
1056 3764 1139 3827 pra-

123 3848 318 3916 tiresian
348 3857 472 3935 inopia.
541 3852 663 3938 Itaqne
690 3857 857 3935 sopientes
886 3870 995 3914 ornnes
1015 3870 1140 3932 semper·

108 3960 232 4023 tisoni
254 3958 304 4041 (a.
321 3958 373 4040 7).
427 3955 524 4031 Quod
549 3967 656 4021 anteon
679 3966 780 4020 toton
803 3956 1011 4040 disciplinam
1035 3962 1138 4017 eonti-

108 4106 119 4143 ,
146 4064 236 4151 qood
258 4062 426 4127 honestans
450 4070 513 4141 sit,
542 4062 580 4127 id
602 4083 671 4126 esse
692 4064 794 4127 solon
819 4062 954 4139 bonon,
975 4060 1012 4123 id
1032 4060 1139 4124 treni-

130 4168 326 4257 qsttsstan
359 4177 392 4233 et
418 4174 527 4233 acolis
549 4165 734 4233 Stoicornen
766 4167 949 4232 rationibus
973 4166 1139 4230 conclndi·

108 4320 118 4357 ‚
161 4296 237 4363 qna
259 4295 306 4341 ea
328 4296 366 4339 eo
390 4275 576 4353 dnanntnr,
620 4276 709 4362 qnod
727 4273 843 4338 bonon
866 4270 1035 4338 landabile
1054 4280 1084 4333 st
1107 4280 1139 4333 et

108 4390 140 4449 ta
159 4389 235 4450 nita
260 4383 467 4467 gloriatione
497 4383 611 4469 dr‘gnn
641 4392 674 4445 et
707 4382 796 4466 qood
813 4380 924 4457 J'ortis
954 4382 1009 4440 nir
1039 4378 1139 4440 aliter
