2730 5016
161 386 225 448 7⁰⁰
518 377 578 442 DE
600 375 777 444 FlNlBUS
800 373 907 441 BON.

164 599 226 662 que
259 579 309 638 uis
339 578 401 652 sit,
446 574 566 638 ideireo
596 577 628 636 in
656 573 707 636 his
738 570 836 635 rebus
859 592 993 636 suntme
1017 584 1132 636 nostra
1152 589 1251 657 sponte

217 743 256 797 sit)
271 742 340 786 estc
370 740 467 792 summo)
484 752 580 782 summo
596 752 684 793 ornnes,
699 740 739 782 0r.

163 884 274 936 buendo
302 901 346 936 res
375 902 566 955 personasque
601 885 675 936 inter
701 898 731 934 so
760 883 868 934 retains
897 881 1122 950 pronominibus
1147 898 1206 934 suus
1227 888 1249 933 st

161 977 274 1050 quisque
291 975 470 1044 significare,
495 974 618 1047 primum
640 975 728 1028 etiam
746 973 805 1034 ibi,
826 973 874 1026 ubi
893 974 1007 1045 aliquid
1029 976 1066 1026 ds
1083 973 1248 1044 singulisne·

160 1070 213 1121 bus
234 1069 397 1136 personisue
424 1068 649 1138 intellegendum
676 1084 737 1119 esse
758 1068 957 1120 tantummodo
986 1067 1029 1120 ita
1054 1065 1247 1137 signifitabrot,

160 1167 192 1213 ut
211 1177 244 1212 eu
266 1159 367 1212 diuisis
386 1161 421 1212 nd
443 1162 536 1213 nullas
556 1159 628 1213 alias
648 1177 692 1211 res
712 1168 790 1211 eertn
809 1157 1012 1212 distributione
1032 1160 1197 1220 referretur,
1213 1166 1245 1210 ts·

160 1270 223 1304 rnen
243 1268 310 1302 sures
329 1252 489 1316 addebant,
527 1268 668 1322 quomque
687 1251 733 1314 id,
771 1252 816 1303 eui
836 1248 1029 1321 grammatice
1048 1252 1245 1322 adiungeretnn

160 1363 214 1397 non
235 1344 370 1403 baberet,
410 1361 476 1395 srrsts
503 1345 616 1417 quisque
644 1344 742 1396 eodem
762 1359 829 1396 rnsu
851 1342 932 1413 quasi
952 1360 1006 1412 pro
1025 1360 1085 1396 una
1106 1358 1243 1397 uoreoos·

159 1436 324 1505 iungebant.
379 1435 548 1487 Huiusmodi
568 1440 593 1487 st
604 1471 613 1495 ,
654 1436 726 1503 quod
748 1435 790 1486 bis
810 1435 836 1487 in
857 1437 960 1488 tabula
979 1435 1172 1489 lieroeieensi
1188 1434 1244 1487 reri·

159 1537 237 1597 ptum
257 1536 283 1579 st
301 1530 345 1594 (u.
371 1527 407 1579 92
426 1536 453 1580 et
481 1527 550 1591 1013
573 1528 707 1579 tubeuier
726 1526 799 1577 enim
820 1526 847 1578 in
867 1527 918 1579 tati
939 1544 971 1578 re
989 1528 1057 1580 eris
1077 1529 1243 1597 lapidumque

158 1619 319 1675 testimonio
341 1623 436 1687 utor):
464 1636 522 1692 ques
541 1620 679 1687 stipendio
698 1619 725 1669 in
746 1620 846 1670 eastris
866 1620 928 1671 irrue
954 1621 1107 1686 prouincia
1133 1620 1242 1671 maiore·

157 1721 263 1782 portem
284 1715 328 1764 soi
345 1714 473 1787 cuiusque
491 1713 558 1763 unni
574 1713 697 1775 se‹·srit,·
718 1718 777 1762 turn
798 1710 870 1762 iliud
892 1712 967 1780 apssd
989 1713 1161 1764 Cis-ereneus
1172 1711 1241 1764 Aeni

159 1806 263 1870 tt,19:
301 1807 328 1856 in
357 1805 481 1857 sensibus
506 1805 551 1855 soi
566 1804 695 1875 cuiusque
711 1803 842 1870 generis,
884 1805 1008 1872 stupuit
1029 1805 1165 1858 Taciturn
1184 1804 1242 1855 don.

156 1898 235 1962 XIV,
253 1897 304 1949 27:
327 1899 462 1948 uniuersae
480 1895 605 1963 legiones
623 1895 827 1948 deducebantur
845 1913 905 1947 cunt
924 1896 1046 1949 tribunis
1067 1903 1093 1948 et
1105 1897 1151 1947 sui
1164 1896 1241 1947 wist-

155 2007 205 2057 qus
226 1989 330 2039 ordinis
348 1990 488 2040 militibus.
527 1985 649 2052 (Uitiose
667 1988 858 2048 scriberetur,
878 1990 953 2056 quod
974 1990 1112 2041 Belrirero
1127 1987 1154 2041 in
1174 2003 1239 2040 mes·

155 2090 212 2133 tenu
233 2079 341 2134 uenisse
361 2080 461 2143 uideo,
481 2080 648 2153 uiribusque3
684 2088 760 2132 reete
778 2079 937 2144 diceretur,
975 2083 1069 2133 uerbo
1088 2078 1197 2142 addito,
1215 2086 1239 2130 ut

154 2171 315 2223 distributio
336 2171 412 2223 insta
431 2171 667 2239 intellegereture
707 2189 765 2224 eum
783 2172 915 2223 militibus
931 2189 1011 2225 suurn
1041 2173 1188 2247 quibusque
1201 2186 1237 2222 sr-

154 2265 243 2316 dinem
262 2262 439 2330 tenentibus).
494 2263 602 2315 Eodem
629 2263 712 2316 uredo
739 2263 893 2317 Suetonius
924 2260 999 2335 A'ug.
1025 2266 1079 2316 4⁰:
1119 2263 1236 2316 macarii

153 2356 260 2425 (plebi)
280 2372 394 2416 rursus,
426 2361 456 2406 ut
475 2356 519 2406 sui
536 2358 664 2428 cuiusque
675 2357 775 2408 mensis
794 2357 999 2422 (frumentum)
1020 2356 1236 2424 acciperemus

152 2457 211 2511 est,
230 2448 258 2501 in
276 2446 403 2517 singulos
423 2448 544 2511 massin
567 2464 618 2499 noo
637 2448 722 2500 aliter
741 2447 839 2500 Liuius
857 2447 1013 2513 xxxut,
1033 2449 1086 2501 to:
1121 2446 1235 2516 patuit·

151 2558 210 2610 quse
230 2541 258 2591 in
277 2541 441 2608 stipendium
465 2540 596 2591 Romanis
614 2556 664 2591 suo
684 2557 787 2615 quoque
805 2558 876 2592 anno
899 2542 1091 2607 penderetur3
1126 2555 1233 2608 naqa!-

151 2649 201 2707 qus
219 2631 376 2693 scribatur,
414 2628 504 2701 ipsura
523 2631 552 2682 id
569 2632 719 2701 probibet,
753 2634 827 2701 quod
845 2631 1036 2685 communiter
1055 2649 1141 2687 unam
1162 2645 1232 2702 poen

150 2724 226 2776 niam
246 2723 460 2791 conprehendit.
498 2725 621 2787 Uerum,
637 2733 666 2776 ut
685 2726 751 2776 suut
768 2724 845 2777 mira
864 2722 1002 2777 orationis
1023 2725 1052 2777 io
1072 2724 1146 2778 alias
1161 2729 1232 2793 atque

149 2814 220 2868 alias
240 2816 346 2868 formas
367 2834 397 2869 re
417 2813 551 2868 uertentis
570 2815 753 2880 inflexiones,
773 2817 831 2870 hac
850 2817 1025 2869 consuetudo
1045 2818 1081 2870 ad
1101 2818 1189 2886 ipsura
1203 2811 1231 2865 ii·

148 2909 224 2973 tam,
243 2909 316 2960 unda
339 2914 401 2960 erat
420 2915 499 2968 orto,
529 2909 695 2960 mutantium
715 2909 857 2963 interdum
879 2909 980 2962 naluit.
1036 2911 1112 2963 Nam
1130 2914 1230 2979 proptor

147 3001 230 3052 buius
257 3001 371 3070 generis
397 2998 611 3053 similitudinem
636 3001 724 3053 etiam
751 3000 778 3053 in
798 3018 867 3054 uera
885 3000 1109 3066 distributione,
1143 2999 1229 3069 inqut

145 3091 223 3144 aliud
253 3092 311 3144 aiio
338 3094 461 3146 relatum
481 3091 707 3163 significaretur,
745 3093 887 3146 interdurn
906 3110 973 3145 suus
992 3097 1108 3169 quisque
1125 3092 1226 3147 senin-

143 3184 210 3236 etim
227 3181 333 3236 dietum
348 3185 384 3248 si,
403 3203 487 3254 qrrorn
506 3186 618 3258 quisque
636 3185 694 3238 aiio
713 3202 780 3239 easu
798 3186 865 3256 poni
882 3186 1019 3251 deberet3
1037 3189 1078 3241 ita
1096 3181 1228 3241 diuisioni·

145 3284 172 3328 et
190 3276 378 3343 separationis
399 3277 570 3347 significatio
591 3275 711 3342 eminet,
748 3277 894 3330 relationis
913 3279 1097 3332 obscuratur.
1136 3277 1226 3331 Huiu-

142 3369 218 3420 modi
237 3368 309 3420 tttuu
330 3371 457 3439 estapud
470 3368 584 3423 Liuium
603 3370 631 3422 in
650 3369 700 3425 iib.
718 3376 768 3432 111,
786 3369 829 3429 22,
842 3371 877 3423 (ir
897 3371 1003 3437 equites
1020 3372 1087 3424 itero
1103 3389 1161 3424 ran
1176 3368 1226 3422 sn·-

140 3476 191 3531 qne
206 3462 286 3526 porti
300 3469 364 3527 post
381 3462 522 3530 principio
540 3462 685 3524 contoeos3
701 3462 824 3514 debebai
843 3459 927 3515 scribi
948 3479 1030 3528 suos3
1068 3460 1224 3519 omno-iu.

139 3568 224 3619 qsrour
244 3568 300 3602 suae
319 3570 374 3605 non
394 3554 499 3618 ferret,
537 3571 601 3605 suos
620 3553 702 3606 nimis
723 3552 864 3607 uiolenter
884 3552 1020 3607 substitui
1041 3556 1168 3621 uideret,
1183 3568 1224 3606 sat

137 3639 223 3693 seribi
242 3644 376 3704 uolebat,
415 3646 488 3713 quod
509 3654 537 3699 et
553 3645 760 3716 penitissumuur
780 3645 933 3697 uerborum
953 3647 1223 3702 ordinantium

136 3735 304 3787 sententium
327 3737 448 3800 tntssm3
477 3755 542 3790 nuru
560 3746 625 3806 post
642 3739 781 3806 principio
799 3736 990 3790 communiter
1010 3741 1109 3794 iocum
1126 3736 1221 3811 signi}

136 3833 199 3890 ent3
221 3827 383 3882 distributio
404 3845 437 3882 ea
456 3834 496 3892 st,
535 3839 565 3882 ut
586 3848 651 3883 suos
671 3848 786 3900 quaque
806 3845 871 3898 pars
891 3829 1002 3898 equite·
1023 3833 1142 3888 babeat.
1174 3831 1221 3883 a*

134 3919 198 3969 dero
218 3922 301 3973 modo
321 3921 418 3974 Liuius
438 3918 551 3989 scripsit
568 3922 665 3986 XXV,
685 3923 735 3974 17:
754 3938 814 3974 euru
832 3922 949 3974 motibus
967 3940 1107 3978 ornem
1126 3930 1153 3978 si
1168 3939 1219 3977 eor·

130 4025 228 4075 porum
247 4028 304 4062 suro
322 4014 417 4087 eoique
434 4012 516 4081 genti
535 4013 675 4077 adsuetis,
695 4020 723 4066 et
742 4014 811 4068 cos.
830 4014 862 4066 B.
882 4013 946 4066 ctu.
967 4015 990 4079 i,
1009 4014 1063 4069 88:
1082 4018 1146 4069 otte
1163 4016 1217 4069 toti·

132 4102 191 4153 dem
210 4102 370 4169 (robertos)
391 4121 446 4155 suae
465 4105 593 4177 cuiusque
611 4105 731 4173 legionis
748 4104 1000 4178 subsequebantur,
1039 4116 1068 4162 et
1086 4104 1217 4163 tonsurus

128 4201 181 4246 sat.
204 4194 273 4254 Vii,
290 4192 357 4246 213:
380 4195 482 4258 Rufum
503 4203 585 4269 atque
603 4198 675 4249 otios
693 4198 774 4249 eredit
793 4212 844 4248 suo
864 4213 976 4271 qaoeqae
995 4198 1126 4254 iuuentus
1137 4218 1146 4263 ς
1173 4198 1215 4251 de·

129 4283 190 4338 buit
206 4303 343 4358 qrsemque.
398 4283 497 4339 Cicero
518 4295 614 4341 autem
637 4290 691 4342 boe
718 4290 781 4342 loeo
806 4287 835 4340 in
860 4288 937 4342 bane
960 4289 1064 4349 incidit
1094 4294 1213 4346 iarun.

129 4377 201 4442 quoti
224 4384 251 4429 et
271 4394 335 4430 suus
353 4396 467 4446 poscere
487 4380 654 4446 uidebatur,
689 4387 720 4436 ut
737 4382 848 4454 quisque
867 4380 1044 4447 adderetur,
1074 4389 1103 4441 ot
1118 4386 1212 4441 turs.
