2706 5018
379 390 439 458 ΕΤ
462 390 571 458 MAL.
592 390 677 458 ΗΒ.
700 394 760 461 lV.
1054 399 1118 468 ⁴88

102 607 156 672 μω
176 592 321 662 reiciat,
364 586 525 663 adfinem
550 589 688 666 reserat.
758 588 1023 654 Conseruoudun
1046 613 1117 655 esse

102 713 160 754 nn
185 701 318 757 notura
336 699 575 758 institutionem
607 705 640 758 el
668 703 769 760 tolum
796 695 934 760 hominis
963 706 1115 762 nuturorn

102 799 176 861 dom
201 801 250 881 (c.
275 801 345 881 15).
393 802 513 884 Itaque
535 808 637 864 omnis
661 822 791 880 errore,
823 807 938 887 quiin
958 823 1026 867 unu
1049 811 1117 869 uir-

103 902 210 979 finem
229 914 378 988 ponunt,
421 927 556 993 qreceqne
581 906 691 972 Stoici
712 910 753 971 de
775 913 899 973 uirtute
920 909 1050 988 dicuni,
1077 932 1116 976 eo

102 1017 272 1074 :onnuuiu
292 1033 361 1075 esse
384 1033 454 1075 cum
473 1012 640 1096 Pyrrhone
669 1022 705 1077 et
728 1013 904 1091 Aristone,
951 1036 1030 1098 qseos
1051 1036 1116 1079 non

102 1125 160 1178 ont
183 1118 232 1198 (c.
256 1119 325 1200 lo).
392 1119 491 1183 lllule
518 1129 626 1183 autem
659 1118 806 1199 Stoicen,
852 1141 944 1204 quom
967 1122 1013 1184 od
1034 1143 1117 1185 sren-

102 1242 111 1283 ι
133 1220 249 1285 bonrum
273 1228 323 1285 ile
343 1232 575 1307 pervenerint,
600 1235 636 1290 ut
658 1248 679 1290 u
704 1236 827 1290 noluru
851 1227 1040 1304 discedunt,
1066 1249 1117 1290 re·

102 1328 178 1391 ieul
204 1338 376 1408 notrorum,
423 1339 460 1394 ut
487 1332 566 1395 inde
597 1332 722 1417 agendi
745 1339 916 1417 principio
949 1343 1115 1417 quoeruut‚·

102 1440 251 1511 omniu,
294 1455 366 1520 quoe
397 1436 615 1521 adpetuntur,
662 1445 768 1502 inesse
797 1438 916 1503 debere
937 1445 973 1503 in
997 1460 1117 1503 summo

102 1559 126 1613 »ς
170 1561 232 1604 uec
255 1540 352 1618 offici
372 1549 531 1607 rationem
551 1542 709 1607 homiuem
732 1546 892 1629 inpellere
911 1546 957 1608 ud
978 1557 1116 1610 noturu-

102 1646 302 1729 adpetendo,
350 1650 409 1712 sed
431 1648 472 1711 ob
494 1656 537 1711 iis
561 1659 593 1713 et
623 1656 783 1713 actionem
815 1659 850 1713 et
881 1651 1115 1734 adpetitionem

102 1760 213 1815 uoueri
242 1753 290 1836 (c.
314 1756 380 1835 1¹1).
448 1752 580 1818 Deinde
607 1756 902 1835 incommodet,
947 1763 983 1820 in
1008 1777 1117 1819 conse·

102 1862 142 1920 iis
160 1857 367 1937 Stoicorum,
410 1860 525 1944 qteilsus
553 1859 691 1939 coficere
714 1863 834 1938 uelint,
877 1880 969 1926 omne
992 1861 1117 1940 bostrom,

102 1962 296 2027 tlnudabile
316 1971 379 2042 sit,
401 1987 471 2029 esse
491 1965 675 2045 honestum,
707 1973 888 2051 celerisque
912 1989 952 2031 eu
976 1968 1022 2032 ud
1043 1988 1118 2031 con-

102 2068 219 2133 'endum
241 2076 344 2150 steni,
387 2059 459 2157 qun
481 2093 544 2135 non
571 2075 792 2138 conceduntur
816 2075 861 2153 (c.
886 2076 954 2156 18).
998 2073 1118 2137 Aoulis

102 2180 211 2239 'cornum
236 2179 511 2243 conclusiunculis
529 2179 630 2243 uerbo
648 2187 782 2265 corrigi,
804 2201 869 2244 non
886 2201 990 2244 mores
1012 2200 1117 2243 ernen-

102 2286 114 2345 ’.
164 2280 261 2356 Quot
276 2281 386 2349 Stoici
405 2292 592 2349 coustantio
613 2293 714 2350 totius
731 2287 889 2351 doctrinm
910 2294 1002 2349 tonlo
1022 2305 1119 2368 opere

102 2393 230 2467 ientur,
278 2391 432 2474 intellegi
451 2391 586 2470 debere,
630 2413 722 2477 quon
736 2392 838 2469 falsu
870 2400 1118 2476 consequuntur,

102 2498 130 2557 io
150 2497 233 2573 illo,
275 2516 294 2559 e
320 2496 435 2581 quibus
457 2495 526 2560 liceo
548 2507 807 2584 consequantur,
831 2498 1017 2582 ipsajulsu
1041 2518 1119 2562 esse.

102 2600 208 2664 colono
237 2606 336 2665 initio
365 2602 544 2688 magnifico
575 2610 649 2666 rn'sn
679 2625 770 2681 esse,
816 2623 893 2667 mou
918 2604 1120 2686 splendorem

102 2712 177 2771 risse
194 2710 239 2789 (c.
264 2709 334 2790 19).
405 2709 517 2793 lpoeom
548 2708 708 2772 Zenonem
741 2729 782 2771 eu
803 2714 851 2771 sie
873 2708 1120 2790 interpretando

102 2812 173 2891 lire,
195 2823 233 2877 nt
253 2816 331 2877 aliis
350 2814 458 2878 uerln’s
481 2816 565 2878 idem
591 2815 702 2892 dicut,
727 2814 815 2899 qecod
836 2821 981 2887 ueteres,·
1012 2812 1071 2875 sed
1092 2820 1124 2876 si

102 2924 191 2982 *ertio
213 2920 325 2983 eodem
347 2926 410 2999 sit,
435 2940 500 2983 uon
524 2920 674 2984 dulriluri
690 2940 809 3004 posce,
833 2924 912 3003 quin
935 2920 991 2981 illi
1012 2917 1121 2981 uerbis

104 3025 225 3089 modius
247 3034 383 3090 utuntur
408 3028 451 3103 (c.
473 3029 551 3107 20);
597 3032 711 3109 ituque
742 3025 783 3088 de
814 3029 986 3087 sententiis
1005 3023 1119 3087 uiden-

102 3148 215 3194 serre.
285 3131 339 3196 Ao
368 3133 439 3195 illis
462 3139 566 3216 igitur
599 3131 725 3195 leuton
756 3136 858 3194 ru'lom
890 3134 1049 3193 conslitui
1077 3147 1121 3191 en

102 3234 173 3299 nn
195 3238 387 3315 commodis,
409 3238 469 3301 sed
488 3244 558 3315 ila,
581 3246 618 3301 ut
641 3238 738 3321 longe
760 3242 880 3300 ceteris
900 3241 1007 3300 ln'rtus
1031 3243 1122 3297 unte-

102 3338 150 3421 'ut,
175 3364 238 3406 uec
253 3344 332 3427 plus
355 3350 501 3428 corporis
530 3353 561 3407 et
583 3349 731 3407 oeternis
754 3342 846 3406 bonis
870 3339 911 3405 ub
935 3346 978 3404 iis
998 3339 1123 3404 tribuu-

102 3468 221 3535 ‚quom
248 3470 270 3512 u
292 3449 442 3527 Zenone,
477 3456 537 3536 qni
565 3471 605 3513 eo
626 3448 709 3513 bonu
733 3470 797 3512 uon
820 3448 963 3534 appellet
987 3448 1031 3524 (c.
1053 3449 1122 3531 21).

102 3572 154 3637 tue
172 3554 216 3619 de
235 3576 273 3619 re
297 3556 420 3619 nullom
446 3577 515 3620 esse
537 3557 785 3631 discensionem
827 3553 988 3619 Zenonem
1011 3554 1124 3618 uerbo-

102 3660 374 3747 inugnilicentiu
397 3682 468 3725 esse
490 3664 706 3735 deiectulum3
753 3683 775 3724 o
804 3682 867 3745 quo
901 3668 1025 3724 ueteres
1049 3661 1125 3722 illos

102 3784 188 3833 enen
212 3773 287 3832 iure
310 3789 482 3853 reposcere
509 3788 604 3853 posse
634 3769 678 3846 (e.
699 3767 780 3851 22),·
826 3786 931 3851 neque
953 3771 1037 3830 enim
1059 3770 1127 3827 nisi

102 3878 178 3939 mun
199 3874 372 3940 uerborum
387 3874 610 3954 differentium
633 3879 803 3937 iuteresse.
848 3869 992 3949 Resistet
1007 3868 1126 3932 deinde

102 3996 150 4045 tro
170 3982 290 4062 simile,
314 4002 376 4066 quo
403 3980 484 4044 Colo
507 3980 683 4058 docuerat,
707 3984 810 4042 omnir
825 3981 1012 4060 insipientis
1034 3994 1127 4061 oeqsre

102 4100 111 4145 ι’
140 4092 300 4163 esseron
346 4088 545 4151 lenutionen
577 4091 662 4151 enim
694 4090 848 4149 uitiorum
866 4080 954 4158 fieri
986 4082 1128 4145 ostendit

107 4190 147 4256 ὓ
169 4202 201 4259 et
224 4195 298 4277 24).
346 4191 396 4259 Et
414 4194 502 4280 quod
525 4197 632 4257 uirtus
664 4211 810 4255 crescere
831 4210 896 4253 non
915 4210 1012 4274 posse
1036 4187 1128 4249 dicu·

106 4338 117 4373 ,
151 4306 186 4363 et
204 4298 280 4365 ideo
300 4306 410 4365 omnio
433 4304 520 4363 uitio
551 4293 698 4384 equolio
724 4320 814 4379 esse,
852 4301 963 4381 polius
979 4310 1024 4356 eu·
1047 4296 1128 4353 ince-

102 4398 201 4471 tuuc
234 4411 389 4473 cedmon
428 4404 583 4471 concludi
617 4403 752 4483 debere,
797 4408 951 4467 uirtutem
982 4414 1130 4458 erescere

888 4522 935 4577 ul·
