2730 5016
474 382 731 457 PRAEFATIO.
1075 402 1165 470 x1x

66 571 177 650 uariis
202 572 292 641 milri
313 574 565 660 perhumaniter
585 593 619 649 et
640 585 808 668 specimen
831 586 965 674 aliquod
986 594 1157 679 scripturn
1194 660 1195 663 ,
1239 604 1245 610 “

64 679 209 745 ecdiciae
236 679 331 748 libro
362 684 471 769 primo
501 697 535 750 at
554 709 680 768 eorum,
721 712 793 776 qnoe
816 691 984 760 Uictoriu's
1008 699 1042 762 in
1066 720 1153 767 mar·

64 786 125 870 gine
144 786 302 874 exempli
322 787 520 856 Ascensiani
540 814 571 856 a.
593 796 674 859 1521
699 808 732 861 et
755 795 879 862 Iuntini
899 821 929 865 a.
950 803 1033 867 1586
1053 807 1156 872 adno-

65 904 145 970 tuat,
153 896 248 958 misit
258 906 294 958 et
305 897 479 962 certiorem
489 920 542 963 me
556 899 648 980 lecit,
659 901 777 986 quibus
789 904 1035 973 condicionibus
1044 912 1152 978 codex

65 999 191 1066 conferri
214 1014 250 1064 et
270 999 401 1067 Uictori
417 1004 573 1069 adnotata
596 1005 738 1071 describi
760 1024 902 1093 possent.
951 1010 1034 1090 Quas
1052 1038 1150 1103 quom

64 1104 132 1168 nili
152 1104 381 1191 placuissent,
428 1109 625 1177 Ualentinus
649 1111 816 1178 Seibelius
841 1116 1034 1203 descripsit,
1078 1145 1149 1209 qum

65 1208 222 1279 [lictorius
254 1215 291 1279 iu
320 1217 471 1300 margine
491 1215 689 1287 decessioni
712 1220 861 1307 exempli
882 1240 1039 1307 posuerat
1060 1230 1152 1311 (nant

64 1316 166 1383 alteria
189 1320 360 1387 adnotetis
382 1344 494 1389 carere
508 1346 561 1389 rne
585 1324 684 1393 lacile
705 1347 803 1409 posse
821 1333 1007 1414 putarern);
1031 1333 1149 1399 deinde

64 1425 152 1489 eiad
184 1448 308 1493 manus
343 1428 577 1499 scholasticum
605 1430 672 1498 ello
702 1431 777 1501 loco
806 1438 987 1521 gerendum
1009 1454 1148 1507 auocato

64 1526 103 1595 dl.
123 1532 206 1598 Otto
227 1536 265 1597 in
286 1532 350 1599 hoc
370 1539 504 1622 negotio
528 1541 697 1603 successit.
762 1541 827 1634 Sed
849 1545 961 1608 nescio
984 1566 1048 1630 quo
1069 1568 1148 1612 casu

23 1697 25 1702 s
64 1638 172 1703 baon
195 1638 294 1705 illurn
316 1642 475 1722 codicem,
500 1643 686 1724 sedulium,
711 1649 766 1732 qui
790 1650 848 1714 tris
872 1662 998 1715 tantum
1022 1653 1148 1733 priores

64 1741 158 1810 libros
183 1745 394 1823 continebat,
417 1761 454 1814 ut
475 1771 520 1815 ex
544 1753 617 1837 ipsa
638 1753 808 1839 scripturus
831 1755 1041 1827 adnotatione
1065 1759 1149 1823 iudi·

63 1873 130 1915 care
151 1874 305 1938 possm,
337 1853 600 1942 diligentissume
624 1856 774 1925 contulit.
821 1858 939 1924 Codex
963 1863 1035 1946 ipse
1057 1875 1092 1927 ut
1114 1868 1148 1930 in
1207 1878 1216 1898 ⁰

63 1955 117 2022 illo
138 1981 261 2045 genere
286 1983 351 2026 non
374 1947 593 2047 inprobabilis
616 1976 676 2028 est.

141 2065 206 2130 llis
232 2066 399 2134 codicibus
421 2068 561 2134 conlatis
585 2071 619 2138 id
641 2091 716 2134 sum
740 2069 931 2153 adsecutus,
965 2086 1001 2138 ut
1022 2085 1056 2139 et
1080 2096 1147 2140 me·

60 2167 146 2236 liaris
167 2173 319 2238 codicum
342 2173 477 2240 lamilite
497 2198 598 2242 snum
623 2176 743 2242 saltem
767 2180 990 2245 testimonium
1013 2179 1146 2266 plenum

61 2274 208 2343 haberem
233 2292 267 2343 et
283 2280 486 2347 deteriorum
511 2304 706 2349 consensum
726 2282 893 2351 declarare
914 2286 984 2350 lere
1006 2308 1148 2373 possem.
1237 2336 1239 2340 »

61 2381 209 2449 ddccaait
231 2383 284 2448 bis
297 2387 443 2450 uarietas
464 2391 633 2474 scripturas
645 2390 767 2456 codicis
789 2413 808 2454 a
830 2392 870 2457 Ρ.
886 2390 1032 2456 Uictorr'o
1050 2394 1083 2455 in
1106 2391 1148 2457 il·

60 2485 136 2570 lim,
182 2491 272 2576 qnod
296 2492 388 2571 dixi,
425 2493 575 2580 ,exempli
606 2495 803 2568 Ascensiani
827 2500 975 2583 margine
999 2498 1040 2561 ad
1065 2498 1148 2562 duos

60 2598 175 2678 primos
195 2595 305 2664 libros
328 2600 484 2686 ascripta,
506 2599 546 2663 de
568 2621 632 2687 quo
657 2602 767 2667 codice
792 2605 862 2689 ipse
885 2604 925 2668 ad
948 2601 1048 2668 finem
1069 2603 1148 2668 libri

60 2703 188 2766 madi
212 2701 285 2768 brec
308 2706 437 2790 posuit:
481 2702 635 2771 ”Contuli
664 2711 852 2792 superiores
876 2709 958 2772 duos
980 2708 1084 2773 libros
1107 2710 1148 2774 do

60 2811 190 2877 l'iaibna
214 2832 290 2877 cnm
320 2811 392 2877 cod.
416 2831 515 2876 manu
539 2813 661 2898 scripto
685 2836 704 2877 e
728 2811 931 2884 bibliotheca
952 2814 1022 2877 diui
1043 2813 1149 2885 Marci

59 2918 166 2983 uultis
204 2918 336 2984 mendis
376 2919 537 2996 scatenti,
583 2918 718 3004 fereque
751 2921 866 2992 omnia
905 2920 1004 2982 etiarn
1042 2921 1149 3003 primo

60 3039 188 3113 aspectu
207 3046 325 3111 purum
342 3022 481 3107 probato
503 3025 628 3088 notaui.
675 3021 729 3086 'l'u
750 3046 797 3095 ea
813 3027 924 3092 ornnia
945 3022 1006 3088 tibi
1026 3045 1149 3105 sumes,

59 3152 121 3216 qna
146 3152 336 3218 congruere
357 3132 582 3217 castigetsque
611 3149 685 3201 esse
716 3129 932 3210 uidebuntur,
977 3152 1148 3219 meamque

58 3237 261 3326 diligentiam
286 3258 328 3300 ne
355 3237 510 3317 damnes,
555 3238 584 3299 si
608 3237 727 3299 luisset
743 3239 833 3300 enim
859 3238 952 3323 copia
973 3237 1147 3305 meliorum

58 3345 226 3424 codicum,
269 3341 356 3407 bunc
384 3342 532 3429 prolecto
563 3340 777 3421 abiecissent,
820 3364 906 3406 nunc
936 3364 1011 3408 cum
1032 3366 1149 3425 parum

58 3448 271 3514 emolumenti
293 3470 339 3512 ex
363 3471 404 3514 eo
426 3470 544 3534 capere
567 3447 649 3513 mihi
674 3446 830 3526 uidebar,
875 3447 929 3512 hic
953 3445 1053 3513 finem
1073 3471 1149 3514 con-

58 3557 145 3618 stitui
164 3551 377 3618 conlationis.
424 3553 461 3619 Ρ.
478 3554 675 3622 Uictorius.”
717 3553 827 3618 Huius
851 3553 1048 3618 conlationis
1069 3556 1150 3619 mihi

58 3655 100 3725 sic
118 3660 314 3742 descripte,
360 3671 397 3723 nt
420 3661 519 3723 etiam
542 3659 748 3724 Ascensiann
769 3661 948 3744 scripturn,
970 3683 990 3724 a
1012 3682 1076 3745 qua
1097 3683 1152 3725 co·

58 3767 120 3830 dex
142 3766 350 3846 discederet,
381 3765 615 3844 adnotaretur,
660 3786 724 3851 ego
744 3777 858 3829 contra
889 3764 922 3828 id
952 3769 1151 3844 institutum,

58 3873 141 3958 quod
167 3875 266 3958 aequi
289 3872 404 3950 soleo,
446 3871 612 3936 delectum
633 3872 700 3935 leci
722 3883 775 3951 et,
801 3891 872 3957 quae
894 3871 1070 3936 utilitatem
1094 3871 1152 3936 ha-

60 3976 132 4043 bere
154 3978 375 4059 uidebantur,
420 3980 456 4042 in
478 3980 565 4042 ncu's
598 3979 705 4063 posui,
726 3978 927 4043 ‚necessariis
951 3978 992 4041 de
1016 3979 1153 4041 caussis.

61 4082 200 4150 Primum
224 4098 351 4153 tantum
369 4083 456 4162 fere
484 4089 594 4148 omnio
616 4082 784 4149 Uictorias
806 4103 842 4145 se
866 4082 1041 4147 adnotasse
1061 4083 1156 4151 ticin

63 4187 161 4256 babeo
188 4204 301 4255 autem
327 4211 542 4277 persuasum,
566 4212 641 4254 eum
665 4209 782 4252 uersus
806 4185 907 4250 finem
932 4187 1035 4252 nrulto
1059 4186 1155 4272 plura

66 4298 208 4363 omisisse
240 4320 343 4385 quam
373 4299 489 4375 intrim
535 4319 611 4363 nam
638 4297 808 4382 scripturae
836 4294 871 4356 in
895 4307 1019 4377 septem
1040 4292 1156 4377 primis

10 4455 13 4480 ,
66 4404 184 4488 paginis
206 4418 353 4471 enotatte
377 4402 421 4468 ad
445 4424 521 4483 eas,
564 4423 635 4489 quie
658 4405 692 4466 in
715 4412 841 4487 septem
870 4401 1049 4485 postremis
1078 4418 1158 4460 eno·

918 4508 958 4570 B*
