2706 5018
142 337 252 404 XXX
561 343 818 415 PRAEFATIO.

140 529 214 595 Hoc
235 506 340 618 genus
362 535 460 621 qnule
481 539 544 621 sit,
565 539 718 628 intellegi
737 555 844 630 potest
862 567 881 610 e
902 544 971 630 111,
993 549 1025 628 7,
1048 548 1104 615 nbi
1131 572 1228 639 quom

139 659 185 702 ex
206 637 339 705 deluere·
370 644 465 709 libris
493 647 528 710 iu
560 647 727 711 codicibus
754 650 972 717 deterioribus
1003 668 1112 722 ortum
1141 674 1229 724 esset

137 747 234 814 deleo
256 750 346 831 libri,
363 754 398 816 in
419 751 514 816 Leid.
536 755 585 832 (et
607 754 659 818 ed.
680 757 799 840 prison)
821 759 994 827 factumst
1014 759 1230 836 retentore-

136 876 219 936 παι,
242 869 276 920 et
299 881 318 920 e
342 858 386 936 V,
409 861 467 933 89,
490 857 546 922 ubi
568 882 665 945 quom
689 871 847 944 epulare
870 879 976 932 ortum
1001 880 1090 932 esset
1112 879 1229 954 aptare

137 975 171 1025 et
193 972 363 1048 emutare
386 977 420 1028 et
440 976 691 1051 mutareque,
727 983 945 1058 propterque
967 975 1001 1038 in
1029 972 1126 1039 Leid.
1149 978 1229 1041 seri·

135 1082 227 1155 ptum
247 1083 278 1134 st
298 1091 470 1137 rererucre
493 1082 743 1159 amputareque,
768 1087 802 1138 et
827 1098 845 1140 e
867 1076 918 1156 V,
940 1081 1001 1158 7⁰,
1024 1077 1082 1143 nbi
1105 1102 1153 1144 ex
1179 1088 1227 1147 r's·

135 1176 248 1255 secto,
292 1178 379 1263 qnod
411 1192 518 1244 orturn
540 1192 611 1244 erut
634 1201 680 1243 ex
701 1185 866 1261 invectio,
910 1182 964 1249 hic
985 1181 1023 1247 fit
1045 1187 1148 1270 (utin
1177 1189 1228 1255 ed·

135 1280 241 1365 Crat.)
263 1290 439 1349 eructum.
484 1287 651 1372 Adparet,
682 1287 813 1352 eusdem
838 1291 1042 1355 coniecturas
1061 1294 1225 1360 interdurn

135 1392 235 1454 etium
256 1393 289 1453 iu
314 1390 390 1454 uliis
412 1391 578 1456 codicibus
601 1393 704 1456 fuisse
727 1396 775 1476 (ut
797 1393 866 1470 lll,
911 1400 952 1460 11
984 1395 1162 1475 adfirmare
1191 1405 1225 1467 iu

134 1493 317 1560 Barberino
341 1493 526 1576 Garatoni).
590 1497 715 1565 Uerntu
749 1500 799 1565 bre
831 1523 945 1567 ornnes
969 1506 1166 1573 coniecturae
1193 1522 1226 1571 ut

133 1601 260 1666 nullutn
280 1625 415 1689 prorsus
434 1597 826 1688 auctoritatem'babent,
868 1609 916 1671 ite
938 1610 1100 1675 interdurn
1122 1634 1226 1698 perus

132 1714 251 1777 ruenda
272 1734 333 1777 nec
352 1710 454 1796 longe
484 1733 504 1777 e
535 1734 615 1777 nero
643 1712 832 1779 aberrantia
861 1714 894 1777 in
926 1736 963 1778 re
996 1728 1030 1779 et
1060 1723 1225 1786 sententia

132 1836 246 1908 operte
269 1833 357 1885 recte
381 1816 523 1898 tollunt,
568 1843 589 1883 ιι
621 1821 768 1886 doctiore
792 1832 825 1885 et
846 1820 1058 1903 prudentiore
1090 1823 1224 1890 bomine

129 1932 286 2021 proiecte
309 1948 406 2013 quarn
428 1925 497 1989 ilice
516 1927 552 1989 in
567 1925 614 2003 Er
633 1929 725 1992 mirre
748 1929 958 1991 mutationes.
998 1925 1114 2015 Itaque
1133 1953 1222 2016 qute-

130 2040 206 2104 dnrn
235 2057 282 2100 ex
314 2036 356 2096 iis
385 2034 452 2095 ient
481 2032 538 2097 d'u
570 2031 679 2097 locum
709 2035 744 2097 iu
778 2035 927 2098 oratione
959 2044 1072 2098 teuent
1100 2048 1135 2098 et
1163 2050 1221 2102 aut

130 2148 313 2231 ignoretur,
324 2140 512 2204 coniectura
531 2141 725 2224 scripturam
739 2153 844 2205 ortum
860 2160 946 2218 esse,
968 2152 1024 2204 aut
1038 2141 1144 2207 editor
1158 2142 1219 2207 oli·

130 2253 205 2338 quis
215 2252 286 2313 eius
304 2258 420 2310 euctor
435 2258 579 2331 putetur,
597 2245 690 2310 uelut
704 2246 731 2324 1,
745 2250 768 2311 o
786 2244 1024 2331 Theophrastus
1040 2249 1102 2326 (ite
1112 2247 1220 2330 Leid,

129 2356 202 2422 rat.
225 2358 274 2433 3),
294 2355 337 2416 tt
357 2356 537 2436 corruptili
559 2351 682 2435 (Leid.,
706 2352 808 2418 edidit
830 2355 876 2419 ite
897 2355 966 2419 iem
978 2351 1085 2419 Aldus
1108 2358 1219 2434 1323),

128 2465 172 2527 43
194 2462 386 2525 derr'rrrrsrs'r
405 2456 530 2537 (Leid,
551 2456 625 2526 Pel.
646 2461 678 2538 2,
700 2459 775 2524 Par.
795 2462 845 2540 2),
864 2463 908 2523 34
929 2466 1085 2545 cognorcr'
1094 2470 1129 2525 et
1142 2482 1223 2546 per-

130 2573 201 2652 cipi
220 2565 356 2645 (Leid.)‚
380 2563 424 2643 11,
448 2567 489 2628 12
510 2565 552 2628 de
566 2571 669 2650 prgis
693 2565 760 2645 (El.
784 2569 830 2647 1),
854 2565 915 2646 IV,
938 2570 979 2631 13
1003 2567 1044 2630 de
1063 2569 1224 2650 plurumis

128 2671 190 2755 (L,
211 2672 291 2754 Εξ),
330 2673 369 2736 15
388 2679 517 2735 nutura
537 2671 601 2751 (L,
621 2672 694 2737 Pal.
714 2675 762 2754 2),
786 2672 861 2737 ulie
884 2695 903 2737 ιι
926 2694 978 2737 me
1002 2675 1112 2738 ascitae
1135 2687 1223 2753 sunt,

127 2792 166 2843 nt
188 2778 240 2860 Il,
262 2782 325 2843 103
346 2786 522 2864 aperteque
541 2777 636 2857 (L.),
670 2777 741 2858 111,
782 2780 826 2843 to
847 2799 1075 2863 corporearum
1099 2776 1168 2863 (El.
1192 2782 1223 2859 1,

127 2907 204 2952 narn
237 2886 277 2950 de
308 2884 413 2950 tribus
447 2885 539 2950 Purr.
569 2883 696 2949 fallitur
727 2884 904 2965 Danisius3
947 2906 1047 2949 nonni
1080 2885 1222 2950 fortasse

127 3007 217 3059 reete
240 2992 409 3076 appellare
430 2997 594 3079 poteret),
612 2991 673 3072 111,
691 2995 734 3056 48
754 2990 899 3057 inbitur·
924 2990 977 3074 (L,
1000 2989 1072 3054 Pal.
1092 2993 1142 3071 2),
1165 3003 1222 3056 eut

126 3099 288 3177 reductu,
331 3111 369 3160 nt
392 3103 531 3162 ensium
555 3107 748 3163 saturaretur
769 3098 840 3177 IV,
876 3099 918 3162 33
941 3096 1004 3177 (L,
1040 3097 1157 3185 Sigoni
1181 3097 1222 3162 li·

84 3208 89 3217 ⁵
127 3203 198 3284 ber,
220 3201 338 3285 5:30¹)

218 3310 290 3393 §4-
335 3305 627 3372 Conmemornndtc
648 3317 726 3370 sunt
747 3305 920 3394 deinceps,
964 3310 1114 3395 exceptis
1136 3309 1216 3374 duo-

126 3416 189 3482 bus
213 3417 327 3503 pritnis
349 3412 549 3477 editionibus
571 3426 605 3478 et
628 3415 812 3500 perspicuis
843 3413 1015 3480 Cratandri
1039 3428 1072 3480 et
1094 3414 1216 3481 Moreli

124 3523 341 3600 testimoniis,
368 3519 500 3584 relicute
522 3532 599 3585 ante
623 3520 801 3586 Gruterum
829 3522 990 3587 editiones
1011 3522 1216 3608 codicesque,

123 3632 181 3716 qni
204 3631 236 3692 in
260 3630 301 3692 iis
325 3627 477 3693 curandis
499 3625 639 3692 adhibiti
661 3640 827 3714 putantur.
878 3629 945 3694 Sed
974 3629 1080 3694 dicum
1099 3628 1141 3692 do
1164 3626 1215 3692 his

145 3940 173 4008 ¹)
195 3938 229 3993 ln
248 3936 397 3993 codicibus
415 3943 478 3991 toto
496 3951 601 4018 genere
618 3932 727 3988 infimis
747 3939 776 3986 et
801 3931 851 4007 qui
868 3950 988 4005 prorsus
1007 3953 1073 3991 eum
1093 3935 1215 3991 deterio.

193 4031 274 4085 ribus
293 4029 469 4101 conspirent,
486 4028 544 4081 uisi
563 4026 839 4080 coniecturrnstum
857 4041 921 4079 esse
940 4045 999 4080 non
1016 4035 1121 4102 potest,
1138 4028 1215 4101 quod

193 4132 223 4179 et
259 4130 421 4177 ceterorum
460 4120 636 4174 deteriorum
669 4134 827 4173 consensus
858 4119 988 4172 ostendit
1019 4121 1049 4174 in
1082 4121 1214 4193 principe

191 4215 278 4271 buius
296 4213 410 4287 generis
428 4229 488 4267 non
506 4212 613 4276 fuisse,
648 4218 695 4275 et,
714 4210 739 4264 si
765 4208 830 4283 quis
848 4207 885 4262 de
901 4208 959 4264 boe
976 4211 1107 4276 dubitet,
1124 4212 1212 4267 bono.

191 4327 255 4364 rnnr
272 4323 386 4383 quoque
403 4304 601 4361 testiinonium
617 4302 664 4358 bie
680 4302 755 4358 locis
773 4301 835 4358 iere
853 4317 919 4357 enm
934 4304 1128 4363 detuioribus
1146 4305 1212 4360 reli.

190 4403 252 4456 euis
277 4398 451 4473 conspirans.
