2730 5016
464 361 702 429 exuensne
726 362 785 426 lv.
819 310 825 323 ’
1108 371 1173 433 een
1226 373 1232 381 ·

143 524 332 625 erogantem
352 555 632 621 deindecurneades‚
652 575 735 627 quom
757 560 813 613 triu
835 561 982 615 uideretur
1004 569 1169 632 reperturus

72 675 185 712 nummu
204 660 279 712 bone
297 675 329 711 ex
347 658 504 729 inpletione
523 660 645 729 triplicia
663 663 821 730 adpetitur,
839 662 932 718 nubite
952 664 1067 729 induxit,
1089 665 1169 721 euiur

71 779 108 815 ne
134 763 292 816 minumum
318 762 430 833 qreidem
455 762 567 818 initium
589 769 638 818 eut
659 764 741 836 erigo
759 763 851 820 inhec
877 767 985 821 ratione
1012 776 1168 825 monstrata
1250 809 1253 815 ·

69 866 151 929 erut,
170 866 331 933 honestum,
350 874 381 921 ut
399 874 509 921 rectem
527 874 599 920 eruet
616 867 712 921 lacere
732 870 828 924 omnia
848 871 929 925 unius
948 890 981 925 en
1000 871 1090 926 tribue
1107 874 1167 928 illie
1256 869 1263 878 ’

68 970 156 1023 robae
174 987 290 1035 cannen,
318 988 439 1044 quarum
458 971 509 1024 alii
528 971 616 1025 eliam
639 971 761 1043 primam
780 975 876 1045 adpeti
894 973 1034 1039 dicerent,
1054 976 1167 1031 etiamri

68 1071 131 1142 quie
144 1088 213 1126 enm
232 1091 357 1129 remnon
377 1074 590 1146 adipieeeretur.
626 1077 670 1130 lta
689 1080 847 1131 nonnolurn
866 1080 902 1131 ab
914 1079 1040 1148 adpetitu
1059 1079 1111 1135 illo
1129 1083 1166 1134 ad

67 1174 197 1230 oilieium
218 1186 384 1247 peruentum
398 1181 433 1245 et,
452 1181 510 1246 ned,
529 1182 601 1252 quod
616 1181 709 1251 iungi·
727 1180 831 1234 mirum
850 1185 886 1246 nt,
904 1183 1066 1252 quomltoni
1087 1184 1164 1239 notio

68 1297 104 1332 ex
124 1282 283 1351 expletione
302 1283 424 1336 derideri
441 1285 581 1337 naturalia
601 1285 665 1338 orta
684 1286 712 1338 et
730 1285 815 1338 ducta
840 1292 929 1350 earet,
968 1304 1042 1338 nune
1068 1292 1163 1341 tamen

65 1383 206 1452 oriuntur,
224 1387 273 1459 qui
287 1387 372 1441 linem
390 1386 457 1441 boni
476 1389 505 1441 in
524 1389 576 1442 illo
595 1389 713 1442 horrente
728 1395 845 1458 ponant,
864 1389 976 1442 etiamsi
989 1399 1094 1444 natura
1113 1391 1164 1443 ad·
1249 1406 1252 1411 ·

63 1487 170 1556 petitur
197 1508 252 1543 non
279 1493 470 1562 expleatur.¹)
526 1492 666 1563 Adparet,
707 1490 884 1545 occasionem
911 1493 987 1545 mirae
1013 1494 1096 1547 liuius
1116 1510 1163 1547 ru·

63 1592 150 1646 tionin
179 1594 369 1664 excogitanda
405 1603 498 1650 ortam
524 1614 583 1650 eene
610 1614 625 1648 e
651 1595 897 1661 definitioneilla,
933 1613 988 1666 qne
1012 1597 1161 1666 Antipater

64 1696 214 1751 Temeneia
241 1700 393 1764 utebatur,
415 1718 511 1769 ‚quom
531 1699 665 1753 uirtutem
693 1706 722 1754 et
746 1717 888 1752 nummum
916 1700 1021 1753 bouum
1051 1700 1163 1754 dicebat

65 1817 128 1854 osee
154 1800 210 1855 πᾶν
226 1799 259 1856 to*
279 1799 346 1856 καθ’
364 1799 446 1858 οὗτὸν
471 1807 560 1858 ποιεῖν
584 1800 651 1876 πρόν
673 1799 705 1857 ed
721 1800 862 1872 τυγχάνειν
887 1806 940 1857 τῶν
957 1808 1161 1875 προηγουμένων

61 1902 133 1958 nerei
151 1901 233 1975 φῦων
251 1906 324 1973 (nid.
346 1909 381 1960 ed
400 1909 461 1972 ΙΙΙ,
480 1906 542 1974 22),
564 1922 647 1976 quern
667 1906 722 1960 ianr
742 1921 760 1959 a
777 1906 905 1976 Diogene
923 1906 1065 1959 interdum
1084 1906 1158 1976 poei-

61 2012 122 2061 tam
142 2026 219 2071 eene,
252 2011 409 2080 auspicatur
427 2029 489 2064 num
509 2011 559 2077 (ad
579 2013 621 2074 V,
640 2008 698 2077 20).
736 2010 827 2078 Atque
847 2010 907 2063 hae
928 2009 1072 2073 delinitio,
1091 2011 1159 2065 dum

60 2110 139 2164 ellici
159 2111 300 2166 notionem
323 2132 339 2166 e
357 2114 509 2167 selectione
527 2111 583 2167 τῶν
599 2117 808 2183 προηγουμένων,
828 2112 856 2166 iu
876 2129 932 2182 qua
954 2120 1047 2165 temen
1068 2115 1160 2168 couti·

59 2215 184 2268 nabetur
202 2215 288 2269 etiem
306 2219 519 2272 commodorum
536 2215 637 2270 diuina
653 2216 726 2286 legin
745 2232 843 2268 caueae
858 2217 1041 2285 contemptio,
1057 2232 1159 2287 perum

59 2319 131 2374 acite
153 2320 268 2372 ductam
287 2339 351 2374 eum
372 2322 485 2375 uirtuti·
511 2321 626 2375 notione
646 2326 814 2372 connectere
832 2327 969 2381 cenatur,
988 2319 1046 2373 uim
1066 2321 1158 2374 uirtu-

59 2425 131 2481 tine
153 2425 266 2477 Zenone
285 2425 436 2478 intellecta
453 2426 540 2478 ualde
559 2422 671 2494 qnidem
697 2424 831 2475 obscurat
848 2429 876 2474 et
900 2438 1006 2476 auena
1035 2423 1156 2493 origine,

57 2529 196 2584 uniuersae
215 2530 321 2582 natura
339 2530 424 2597 lege,
443 2528 490 2580 eui
509 2527 600 2579 libere
618 2528 848 2595 obtemperetur,
866 2523 1004 2594 diiunge„
1038 2525 1094 2577 Sed
1112 2533 1156 2580 ta·

56 2650 122 2688 men
143 2649 175 2685 ex
194 2631 302 2685 relicua
320 2629 469 2700 discipline
487 2627 725 2697 intellegebatur,
764 2627 905 2699 quomode
938 2627 1030 2681 uirtue
1052 2629 1155 2684 consti·

55 2743 185 2792 tueretur
200 2742 228 2790 et
245 2737 352 2788 bouum
371 2751 389 2788 a
407 2735 619 2787 commodorum
638 2730 789 2801 adeptione
806 2729 962 2783 seiunctum
984 2729 1153 2789 contineret.

56 2841 217 2894 Carneaden
241 2840 274 2892 et*
292 2839 348 2892 lree
364 2837 492 2908 neglegit
510 2843 538 2890 et
556 2843 692 2906 praterea
708 2833 821 2886 uirentis
839 2833 909 2886 duee
928 2834 1000 2888 elien
1027 2854 1082 2889 non
1100 2838 1153 2890 do-

55 2945 134 2999 lendi
152 2950 180 2996 et
191 2942 347 3012 uoluptati·
365 2942 508 3012 excogitat
519 2941 547 2993 in
566 2940 657 3012 iieque
674 2937 798 3006 aliquem
811 2937 926 2989 beatam
943 2939 1033 2991 uitam
1047 2954 1153 3007 ponere

56 3067 141 3122 poene
156 3053 246 3118 putat.
290 3053 389 3117 Itaque
405 3063 459 3099 non
478 3045 583 3099 mirum
602 3050 627 3098 nt
637 3080 647 3106 ,
669 3043 739 3095 duna
758 3051 805 3093 eae
825 3041 860 3092 de
877 3039 935 3092 lino
951 3040 1018 3094 boni
1037 3049 1151 3096 senteu-

53 3153 126 3218 tiau‚
144 3170 204 3223 que
223 3158 282 3206 tem
302 3150 421 3204 ridicule
439 3150 563 3204 eontiete
583 3152 659 3208 eunt,
679 3146 826 3199 defensore
845 3143 979 3199 euneeieee.

88 3424 232 3481 ’Τποτελὲσ
257 3431 301 3485 (tn
312 3431 385 3475 eeribl
399 3431 470 3476 debet
484 3417 612 3485 ὦποτελίς,
637 3433 663 3473 ut
677 3441 700 3485 p.
710 3428 744 3481 ⁸2,
756 3426 816 3471 euni.
826 3437 877 3482 qua
889 3424 955 3478 adli,
969 3425 997 3467 ⁴³
1010 3422 1073 3466 dieta
1086 3423 1149 3473 eunt)

106 3508 130 3566 δ’
148 3511 207 3566 ἐστί
222 3510 253 3568 τό
269 3502 372 3580 πρῶτον
391 3506 490 3563 σίκεῖον
507 3505 554 3562 τοῦ
572 3505 638 3572 §raino
666 3503 772 3566 πάθος,
808 3498 854 3572 u'p'
873 3492 901 3555 οἷν
920 3495 1068 3568 κατήρξατο
1087 3519 1148 3552 σον·

106 3602 296 3659 manuteneat
324 3599 356 3657 τὸ
383 3595 450 3665 ζῶον
477 3598 525 3669 τῆς
551 3596 697 3657 συστάσεως
722 3592 820 3659 αὐτοῦ,
858 3587 952 3648 οὔπω
981 3587 1148 3662 λογικόν,

104 3692 179 3751 ‹ttt’
204 3691 342 3767 ἄλογον
370 3692 457 3749 narei
481 3691 565 3749 ende
593 3686 764 3764 φυσικοῦο
793 3694 852 3741 καὶ
879 3680 1148 3753 σπερματικοῦς

106 3786 237 3858 λόγους.
258 3816 292 3826 -
314 3782 463 3855 sinduno»
482 3783 534 3857 peip
554 3785 583 3841 τὰ
608 3783 674 3850 ζῶον
696 3777 817 3852 ρῖκωωθη
835 3785 888 3831 τινὶ
905 3773 1008 3830 πάντων
1027 3770 1101 3828 ridie
1118 3771 1147 3833 ἐξ

104 3876 195 3948 niuniu,
215 3871 282 3946 ὅπερ
304 3874 360 3929 e'oet
377 3874 509 3937 ὕποτελέσ,
529 3881 617 3930 κεῖται
639 3872 665 3929 d'
691 3874 719 3926 ἔν
737 3890 790 3924 τινι
809 3862 860 3922 τῶν
884 3857 973 3938 τριῶν·
993 3858 1011 3929 ἢ
1028 3860 1093 3931 γοὶρ
1112 3861 1125 3913 ε’
1132 3882 1146 3912 ν

103 3967 218 4044 ἡδονῇ
241 3966 258 4039 ἢ
279 3967 312 4021 ἕν
339 3963 518 4034 dull-noio
536 3963 552 4018 i*
572 3965 701 4020 ἐντοῖς
720 3956 881 4031 πρώτοις
901 3952 1118 4022 antonium

69 4063 91 4117 l)
106 4062 171 4118 Ergo
186 4060 234 4106 irae
248 4059 356 4104 eolieitnr
371 4056 453 4101 tabule
467 4056 561 4099 linium:

517 4133 545 4175 A.
574 4127 678 4183 Adipieoi

183 4216 225 4255 aut
239 4212 270 4263 (l)
287 4209 429 4264 nolnputem
443 4212 484 4249 aut
499 4207 529 4258 (2)
544 4215 595 4247 nae.
613 4202 700 4246 deiurio
715 4203 757 4243 aut
778 4199 809 4252 (³)
822 4198 897 4255 prime
911 4203 1010 4241 natura·

485 4279 515 4326 n.
529 4280 621 4323 Facere
635 4277 712 4322 omnia

118 4365 158 4408 aut
173 4362 446 4417 (neomeniarum
462 4364 502 4403 aut
516 4356 546 4410 (²)
566 4367 617 4400 uae.
635 4352 679 4397 dol.
699 4366 718 4398 e.
741 4357 782 4396 aut
804 4352 834 4405 (³)
848 4348 976 4407 primorum
990 4349 1036 4388 net.
1052 4359 1073 4389 e.
