2706 5018
629 337 883 404 PRAEFA'l'lO.

294 726 312 805 §
338 727 366 786 l.
410 723 446 788 Si
470 723 521 784 nui
544 720 606 784 hoc
629 726 741 807 negoti
761 725 871 787 datam
895 725 937 787 sit
955 723 1074 801 iudici,
1099 734 1153 799 ut,
1187 743 1298 806 quum,

205 828 282 915 quid
304 828 481 915 aliquando
512 827 553 892 ab
592 811 704 914 aliquo
734 830 854 893 dictum
885 832 947 907 sit,
996 828 1088 892 rrrrilti
1118 851 1182 891 non
1215 835 1297 895 satis

205 948 393 1000 constanter
418 947 563 1014 narrent,
583 938 738 1022 reperiat,
762 937 839 1022 quid
861 938 894 999 in
919 956 959 997 ea
983 957 1018 997 re
1043 956 1156 997 uerum
1180 937 1235 1014 sit,
1259 939 1300 1013 is,

202 1045 230 1105 si
256 1043 399 1127 prudens
419 1044 481 1120 sit,
526 1063 592 1105 non
625 1041 732 1105 solum
764 1041 827 1105 hoc
858 1053 983 1126 spectet
1013 1042 1045 1102 iu
1077 1040 1217 1104 testibus
1239 1065 1298 1105 au-

202 1148 350 1226 diendis,
396 1170 492 1233 quam
519 1150 734 1234 qrrisqucper
765 1170 801 1212 se
833 1150 904 1232 ipse
928 1145 1004 1209 fidei
1029 1151 1214 1229 opinionem
1239 1151 1297 1211 ad-

202 1255 299 1333 ferat,
321 1257 378 1318 sed
404 1267 479 1317 ante
505 1256 614 1317 omnia
639 1255 847 1339 qrraerendum
873 1251 934 1317 sibi
960 1266 1072 1338 pretet,
1094 1257 1166 1339 quis
1189 1277 1206 1316 a
1231 1278 1296 1338 qun

206 1362 367 1439 audierit,
410 1371 446 1421 ut
470 1361 517 1422 sic
539 1381 691 1445 magnam
718 1373 750 1423 et
781 1361 979 1425 inconditam
1003 1363 1134 1423 testium
1166 1359 1294 1423 turbam

203 1469 242 1531 ad
269 1487 392 1552 paucos
413 1462 449 1529 et
472 1477 579 1529 certos
602 1466 748 1553 redigat,
793 1490 812 1531 a
842 1465 959 1553 quibus
987 1468 1085 1528 ceteri
1108 1488 1175 1528 rem
1200 1488 1293 1528 ncce-

201 1577 328 1659 perint3
371 1594 469 1658 quom
491 1586 600 1637 autem
622 1595 681 1638 eos
702 1575 885 1652 inuenerit,
932 1586 964 1637 et
986 1571 1063 1637 illos
1087 1571 1210 1635 alteros
1237 1594 1293 1634 ne-

114 1693 129 1711 ‘
201 1680 334 1767 glegat,
377 1692 410 1743 et
436 1678 496 1743 hos
528 1679 621 1765 quasi
659 1679 756 1765 primi
787 1680 911 1743 ordinis
943 1679 1036 1741 testis
1067 1679 1114 1741 sic
1139 1693 1293 1760 conparet

200 1787 460 1872 contendatque,
506 1799 561 1865 ut,
585 1798 740 1872 quantum
762 1788 899 1872 quisque
920 1786 1125 1870 sequentium
1147 1783 1294 1847 rittiltitu-

199 1894 308 1955 dinem
330 1893 449 1969 trahat,
472 1892 555 1957 nihil
579 1894 619 1957 ad
643 1916 713 1956 rem
734 1896 899 1974 pertinere
923 1892 1056 1954 iudicet.
1106 1889 1176 1954 Nec
1198 1891 1295 1955 aliter

198 1975 448 2083 laciet⁰peritus
471 1998 593 2077 iudex,
636 2020 732 2083 quoru
756 2021 800 2063 ex
825 1996 938 2064 multis
967 1995 1152 2061 tabularum
1179 2021 1294 2062 exem-

197 2105 262 2191 plis
285 2117 479 2190 quaretur,
496 2105 574 2189 quid
597 2107 630 2168 in
654 2126 719 2172 uno
739 2106 850 2192 aliquo
875 2117 1090 2182 testamento,
1117 2106 1201 2190 quod
1227 2108 1317 2168 non‘

197 2210 348 2290 extabit,
394 2213 551 2295 scriptum
574 2212 692 2290 inerit,
715 2215 778 2278 uisi
800 2213 905 2299 quod,
948 2235 1019 2296 quau
1045 2210 1115 2275 illic
1140 2212 1179 2273 de
1204 2211 1292 2275 fama

195 2331 377 2405 peruagata
407 2317 577 2382 hominum
605 2318 811 2385 confessione
841 2318 1112 2403 reperiebantur,
1164 2316 1217 2382 bic
1251 2318 1292 2382 de

195 2428 358 2511 scriptura
389 2437 573 2509 propagata
609 2424 740 2489 indiciis
781 2425 1055 2512 deprehendenda
1095 2437 1171 2487 scint
1211 2428 1291 2489 taci-

194 2533 249 2595 tis.
296 2531 349 2596 Ab
374 2531 436 2596 hac
456 2533 636 2618 quaestione
659 2535 815 2596 uniuerso
838 2556 961 2618 genere
984 2556 1047 2596 non
1062 2532 1183 2594 distare
1206 2553 1292 2608 eam,

194 2658 292 2722 quarn
316 2636 478 2723 philologi
501 2640 535 2702 in
565 2650 715 2703 ueterum
747 2662 882 2725 operum
915 2639 1083 2704 codicibus
1114 2642 1293 2703 manuscri-

195 2744 261 2828 ptis
282 2745 469 2822 instituant,
493 2765 553 2808 uec
578 2744 674 2809 aliter
699 2766 772 2808 esse
795 2748 1015 2826 tractandam,
1040 2768 1105 2810 nou
1126 2747 1172 2806 ita
1194 2744 1291 2806 rnirlti

196 2862 272 2914 sunt
294 2853 394 2930 anni,
441 2873 539 2945 quom
569 2851 774 2916 intellectum
798 2864 848 2931 st,
878 2875 998 2938 ,neque
1031 2855 1215 2915 etiamnunc
1245 2849 1287 2912 nb

197 2955 349 3021 omnibus
373 2957 526 3043 intellegi
550 2959 690 3024 uidetur.
731 2956 822 3038 Nos,
847 2973 1021 3045 antequem
1047 2961 1093 3023 ita
1113 2957 1207 3019 testis
1231 2977 1288 3040 gc·

193 3063 332 3124 nerutim
351 3061 554 3146 distinguere
570 3077 603 3127 et
618 3086 773 3148 separare
788 3067 1015 3149 adgredimur,
1062 3064 1208 3126 dicemus
1225 3065 1290 3147 pri·

196 3186 296 3244 mum,
321 3167 376 3250 qui
400 3167 533 3228 omnino
555 3166 659 3229 unditi
684 3169 762 3242 sint,
784 3186 1073 3249 exponemusqoe,
1098 3171 1154 3249 quui
1176 3191 1196 3230 a
1218 3173 1291 3253 qui-

92 3308 98 3313 ·
195 3269 256 3334 bus
282 3285 315 3334 et
338 3270 651 3357 quomodocodices
674 3267 813 3333 adhibiti
842 3271 888 3333 ita
918 3271 1002 3347 sint,
1047 3283 1083 3332 ut
1107 3293 1150 3333 ex
1174 3294 1290 3358 perpo-

194 3378 311 3440 tuitnte
334 3378 494 3462 qaudam,
538 3377 688 3462 quamuis
711 3375 855 3440 minume
876 3374 992 3460 plene,
1034 3392 1288 3460 cognoscantur,

192 3502 258 3545 uon
284 3503 350 3545 uno
370 3481 604 3547 ulteroueloco
625 3493 806 3546 occurrant.
844 3481 930 3547 Nuru
953 3480 1167 3561 hosMauuti,
1188 3483 1288 3553 Lam.-

194 3586 284 3666 biui,
329 3587 470 3654 aliorum
503 3588 609 3655 libros
639 3589 842 3654 commodius
869 3590 903 3652 in
931 3591 1146 3675 posteriorem
1176 3588 1286 3655 locum

192 3696 420 3774 reiciemus1).

191 3914 420 3926 *ιι-ιι,-

216 4067 244 4133 1)
263 4065 297 4119 ln
324 4065 397 4119 loeis
427 4064 578 4125 Ciceronis
603 4065 800 4131 ascribendis,
836 4084 873 4120 ne
904 4083 1088 4122 numerorum
1116 4071 1190 4118 notre
1224 4064 1286 4117 siun

261 4172 361 4210 caussa
378 4159 628 4235 multiplicentur,
653 4159 762 4233 ubiqtre
779 4159 924 4213 minorum
944 4167 1054 4213 tannim
1072 4154 1287 4230 particularum,

261 4265 332 4322 quas
352 4253 547 4326 paragraphus
566 4253 751 4326 appellamus,
769 4268 904 4307 numeros
921 4269 1014 4324 pono,
1034 4251 1091 4305 nisi
1110 4251 1135 4304 si
1154 4266 1208 4321 qna
1227 4247 1285 4300 sin-
