2706 5018
213 340 255 400 32
565 336 624 401 DE
646 335 822 405 FlNlBUS
845 336 946 403 BOb'.

215 533 314 594 tionis
346 541 536 593 ornamenta
562 529 760 616 neglexerit.
821 528 904 594 Nem
926 528 1008 592 illud
1032 529 1166 615 quidem
1191 532 1310 599 adduci
1346 571 1353 593 .=

216 638 276 698 uix
299 656 450 720 possum,
472 648 508 698 ut
532 657 590 713 en,
614 658 696 721 qune
720 638 859 700 senserit
880 634 957 714 ille,
979 633 1040 731 ¹tibi
1064 657 1129 700 non
1154 659 1242 703 uera
1262 640 1311 703 ui·

214 741 362 804 deantur.
404 743 455 805 15.
477 741 562 807 Uide
584 755 759 826 quantum,
789 743 939 826 inquam,
964 740 1101 821 fallare,
1124 739 1310 830 Torquate·

269 892 335 945 illud)
350 894 412 939 illuc
427 893 560 938 ntecnor.
612 893 647 938 tt.
660 892 755 946 fellere)
765 892 862 947 saltere
876 892 986 938 LPMGR

216 1047 279 1083 eum
298 1031 419 1085 iorrnem
439 1032 564 1102 prodire,
585 1030 655 1094 (nid.
674 1030 708 1081 dc
727 1027 866 1092 Uerrinis,
888 1028 1035 1100 inquibus
1053 1045 1162 1101 magne
1181 1038 1209 1085 st
1226 1030 1311 1103 copi}

216 1122 379 1176 Graecorum
399 1124 563 1184 nominum,
583 1122 673 1191 Epist.
692 1136 756 1174 mee
775 1120 810 1173 nd
829 1120 919 1173 Orell.
937 1140 964 1190 p.
983 1119 1019 1173 22
1036 1129 1064 1175 et
1081 1121 1198 1194 Zumpt.
1217 1125 1255 1179 sd
1273 1124 1311 1190 11,

215 1213 268 1268 158
286 1217 368 1269 etad
386 1216 433 1280 lv,
446 1217 488 1280 d,
526 1215 599 1267 conl.
616 1210 716 1282 Topic.
737 1213 771 1263 lt
788 1212 816 1263 in
836 1211 894 1263 edit
912 1212 1002 1265 Orell.
1018 1211 1118 1280 mim),
1137 1230 1263 1279 uereor,
1280 1222 1312 1271 ut

216 1306 274 1360 elie
293 1307 392 1360 (licere
409 1323 545 1375 umquem
562 1323 629 1359 usus
647 1305 692 1357 sit.
745 1304 800 1357 Sed
812 1308 914 1355 tamen
932 1304 961 1356 in
980 1305 1035 1357 hoe
1056 1321 1107 1369 re,
1141 1307 1226 1360 utin
1247 1304 1312 1360 etin

215 1396 373 1463 similibus,
393 1414 453 1467 que
469 1415 573 1450 uocum
591 1393 773 1467 scriptionem
793 1401 820 1448 et
837 1392 960 1448 formem
980 1394 1150 1466 adtingunt,
1189 1398 1314 1467 superet

217 1490 357 1559 quoddam
378 1487 510 1541 iudicium
538 1495 566 1542 ct
585 1494 708 1557 potestas
727 1503 842 1551 eorum,
879 1486 926 1557 qui
954 1487 1169 1542 uetustissumus
1199 1488 1314 1543 codiee·
1351 1521 1352 1524 =

216 1580 394 1650 singulorum
413 1597 531 1650 operum
549 1577 997 1646 Ciceroniunorumscripserunt.
1032 1584 1132 1649 Ituquu
1146 1580 1176 1632 in
1191 1580 1312 1633 'l'nscnls
1352 1631 1353 1640 ,

218 1672 276 1736 ill,
302 1673 337 1726 51
354 1679 382 1725 ct
401 1674 440 1736 l',
468 1670 503 1724 88
519 1672 623 1725 ctcod.
642 1689 703 1742 reg.
720 1677 749 1723 et
767 1668 855 1724 ceteri
873 1669 994 1723 retinent
1015 1671 1164 1723 Carneadi.
1205 1670 1252 1724 Ne
1268 1666 1312 1724 ei·
1352 1729 1353 1734 ,

217 1763 306 1817 mium
326 1763 488 1817 constentite
506 1765 605 1817 dorem
623 1762 651 1815 in
671 1781 705 1817 ea
724 1780 771 1827 re,
795 1761 823 1814 in
845 1778 899 1831 quu
918 1768 1010 1832 potest
1026 1762 1129 1815 Cicero
1146 1761 1313 1817 tacentes·

217 1855 319 1920 titisse,
356 1873 446 1926 neque
466 1858 564 1927 poullo
586 1863 651 1910 ente
670 1857 683 1924 5
702 1855 720 1907 d
740 1854 871 1922 Euripidi
887 1853 982 1923 recepi
1004 1870 1037 1906 ex
1055 1869 1158 1925 perum
1187 1861 1258 1909 noto
1274 1853 1310 1908 ll·
1342 1870 1349 1881 ·

218 1949 281 2012 bro,
301 1965 393 2017 neque
410 1949 452 2012 ll,
479 1948 530 2002 118
550 1949 666 2002 Herculi
683 1946 800 2016 scripsi,
829 1945 881 1998 etsi
898 1944 940 1997 ite
957 1952 982 1998 st
999 1945 1087 2000 dead.
1105 1950 1151 2007 11,
1168 1943 1241 2009 1⁰8,
1260 1960 1312 1999 nee

218 2041 258 2105 V,
282 2043 299 2090 d
320 2038 458 2091 Carneadi
474 2039 545 2104 feci,
563 2040 611 2092 sed
622 2077 631 2104 ,
668 2039 742 2109 quod
761 2038 795 2091 sd
810 2039 889 2091 codd.
908 2037 1024 2108 propius
1044 2037 1220 2104 adcedebat,
1243 2038 1312 2091 Gar·

220 2130 323 2182 occidis.

288 2221 420 2274 orationis
438 2220 610 2290 ornamenta)
628 2223 828 2275 Porsunsernm
846 2222 914 2276 olim
932 2223 1053 2289 Orellio,
1071 2230 1103 2277 nt
1121 2240 1137 2275 e
1156 2222 1219 2276 eod.
1242 2223 1330 2276 Bas..

220 2320 248 2367 ct
268 2314 311 2366 ed.
328 2315 361 2367 P.
379 2311 468 2367 Marsi
496 2310 633 2366 scriberet
662 2321 821 2366 ornamenta
847 2314 981 2367 orationis
1009 2314 1052 2378 (ut
1078 2321 1121 2367 cst
1147 2332 1200 2385 pro
1227 2313 1311 2367 Sulla
1349 2334 1352 2347 ·

218 2403 271 2458 ⁸2:
290 2407 450 2474 cuiusquam
469 2411 628 2457 ornamenta
645 2406 807 2473 orationis),
835 2408 907 2474 quod
928 2405 1064 2475 putabam
1084 2404 1211 2475 duplicet
1229 2402 1310 2476 geni·

219 2494 293 2549 tiuos
311 2497 348 2550 ab
367 2498 465 2550 eodem
484 2494 597 2549 nomine
615 2504 696 2565 nptos
714 2513 869 2568 numquam
890 2499 930 2550 sic
959 2498 1041 2567 poni,
1077 2503 1109 2549 ut
1134 2495 1229 2566 primo
1248 2497 1312 2551 loeo

220 2592 293 2640 esset
308 2587 488 2657 principalis,
504 2589 596 2640 altero
613 2587 812 2654 secunduriue,
832 2587 914 2642 tertio
933 2605 1034 2641 nomen
1050 2605 1170 2658 regens,
1188 2605 1225 2640 ne
1243 2604 1312 2641 eon-

219 2676 385 2748 iungeretur
404 2678 548 2731 Aristoteli
564 2679 662 2739 oratio.
698 2680 753 2733 Sed
772 2680 830 2732 uid.
850 2682 934 2734 Brut.
952 2679 1020 2733 163:
1049 2679 1180 2732 Scoeuoloe
1200 2680 1314 2733 dicendi

220 2771 379 2840 elegantia,-
396 2772 482 2827 Tusc.
497 2771 546 2832 ll',
566 2769 618 2824 tl:
634 2779 749 2840 propter
768 2771 853 2823 animi
869 2773 1017 2824 multarunt
1035 2789 1126 2824 reruni
1144 2772 1226 2823 breui
1244 2777 1311 2824 ten·

219 2880 288 2932 pore
301 2865 513 2932 percursionem.
547 2864 711 2933 Neglexisse
729 2863 885 2934 Epicurum
903 2880 1016 2917 omnem
1034 2861 1147 2916 dicendi
1167 2871 1312 2927 ornatum,

151 3004 153 3008 ,
220 2956 317 3010 etalii
336 2963 501 3011 testesennt
520 2956 648 3027 etlliog.
667 2958 822 3020 innectit,
857 2954 906 3007 lt:
945 2959 1070 3026 κέχρηται
1090 2952 1119 3008 δὲ
1142 2952 1213 3017 λέξει
1235 2959 1313 3023 rupta

219 3046 290 3101 sard
307 3043 361 3103 τῶν
377 3045 551 3120 πραγμάτοιν,
570 3042 613 3119 ἦν,
632 3044 674 3104 ’ὅτι
691 3042 877 3114 ι’διοτικωτᾶτη
895 3045 947 3112 (sic
964 3046 1115 3116 Monugins
1133 3062 1185 3114 pro
1204 3040 1312 3100 ἰδιωτεί-

219 3139 265 3204 τη)
284 3137 364 3202 ἐστίν,
383 3137 577 3210 Ἀριστοφάνης
594 3136 609 3196 d
626 3138 814 3211 recuperande
833 3135 959 3193 αἰτιᾶται.
999 3137 1072 3201 trin,
1092 3154 1151 3207 qun
1168 3137 1228 3191 hue
1244 3154 1312 3208 per·

220 3226 319 3289 tinent,
339 3228 408 3282 citet
425 3231 572 3285 Fabricium
591 3234 625 3285 ud
645 3234 721 3288 Sext.
740 3231 848 3302 Empir.
868 3250 894 3299 p.
912 3228 975 3282 215.
1222 3200 1240 3235 ⁹

292 3317 364 3371 Nara
384 3321 454 3371 illud
471 3323 579 3390 quidem
598 3324 702 3377 adduci
726 3325 774 3375 uix
789 3338 911 3391 porrum,
938 3327 968 3371 ur
993 3350 1029 3362 ·-·
1054 3321 1218 3388 uideantur)
1249 3320 1312 3374 Non

221 3408 319 3479 ignoto
335 3410 364 3462 in
384 3413 439 3464 hoc
467 3415 556 3467 uerbo
582 3414 692 3467 dicendi
719 3414 860 3485 breulius,
896 3428 951 3484 que
976 3413 1101 3464 adducor
1126 3413 1159 3467 lit
1184 3412 1314 3463 adducor

221 3502 259 3553 ad
275 3504 448 3558 credendum.
500 3506 555 3559 Sed
575 3524 659 3575 quum
687 3505 715 3558 id
740 3506 822 3559 initio
848 3502 995 3556 celicicndi
1021 3504 1167 3556 notionem
1194 3502 1312 3565 hebent,

221 3591 248 3644 in
268 3610 343 3646 noun
361 3595 568 3665 significatione
585 3598 689 3670 purtim
709 3599 811 3651 retinet
830 3594 952 3666 priorem
971 3592 1115 3648 sententie
1132 3594 1313 3647 adnectendo

220 3682 343 3739 formem
362 3689 434 3755 (ut),
473 3691 576 3760 partim
603 3709 665 3745 eam
694 3689 824 3750 asciscit,
860 3705 920 3758 qum
938 3704 1016 3740 noute
1039 3685 1245 3756 significationi
1262 3688 1312 3739 ted·

221 3780 400 3834 commodate
421 3788 463 3846 st,
497 3783 688 3837 accusetiuum
714 3799 778 3834 curn
804 3779 953 3832 inlinitiuo.
1001 3778 1036 3829 tlt
1055 3783 1155 3848 preter
1173 3778 1251 3831 bunc
1270 3778 1312 3831 lo·

221 3885 284 3920 cum
303 3872 390 3924 hebet
409 3870 484 3927 inira
504 3877 550 3939 ll',
571 3875 614 3936 55,
636 3882 664 3927 et
682 3875 755 3945 apud
775 3871 939 3925 Lucretium
959 3873 991 3934 V,
1011 3870 1097 3936 lato,
1115 3869 1311 3922 accusetiuorn

222 3975 285 4011 cum
303 3961 443 4017 inlinitiuo
462 3967 497 4018 nd
517 3967 598 4020 Attic.
618 3968 674 4031 ltl,
693 3967 728 4018 lii
746 3965 808 4025 (sed
827 3979 879 4030 ego
896 3980 949 4013 nen
967 3963 1111 4021 adducor,
1151 3974 1312 4031 quemque·

221 4050 318 4104 bouum
338 4055 423 4108 ullam
441 4058 557 4111 salutem
574 4065 675 4126 putare
692 4057 759 4108 miii
776 4055 848 4108 tanti
861 4055 953 4118 suisee
971 4053 1055 4119 dre),
1091 4054 1127 4105 de
1155 4052 1247 4122 Legg.
1276 4050 1311 4111 ll,

221 4143 255 4208 6,
292 4163 342 4214 pru
363 4149 474 4202 (liuent.
495 4150 547 4202 lut
565 4149 625 4217 (ubi
652 4148 769 4202 adducti
793 4146 954 4199 Classenius
976 4162 991 4197 e
1018 4146 1099 4199 codd.
1117 4140 1243 4196 restituit
1260 4155 1311 4211 pro

222 4235 346 4293 berbero
364 4241 509 4309 addocti3)
544 4244 698 4310 eodemque
716 4241 800 4293 modo
819 4237 931 4290 Curtius
949 4237 1061 4307 scripsit
1077 4237 1120 4299 x,
1140 4235 1176 4286 lll
1195 4233 1235 4300 (2,
1257 4232 1311 4297 lt).

223 4328 288 4383 tlte
305 4337 332 4384 st
349 4332 422 4387 ratio
441 4332 470 4387 in
490 4340 561 4388 oret.
582 4336 617 4387 tle
635 4349 716 4404 prou.
732 4347 808 4386 cons.
826 4329 879 4394 59,
906 4345 990 4397 quem
1008 4330 1106 4383 locum
1123 4325 1218 4380 miuus
1236 4328 1311 4377 recte
