2706 5018
208 341 329 410 XVlll
630 332 885 416 PRAEFA'l‘lO.

208 519 432 605 auctoritatis,
481 543 579 610 qnom
618 527 802 609 praesertim
833 526 1092 589 consentientem
1118 541 1198 587 cum
1229 541 1301 587 meo

69 623 72 629 ’
209 644 368 699 contextu
410 630 544 695 silentio
577 630 716 694 sortasse
760 653 825 717 non
858 633 964 718 magis
995 629 1061 694 fido
1093 641 1209 693 notare
1239 647 1303 691 non

207 760 351 826 possem.
393 737 508 825 ltaque
532 736 650 802 melior
672 738 835 802 interdum
853 737 906 801 bic
927 737 1033 802 codex
1056 737 1187 800 uidetur
1206 752 1303 821 quam

209 866 284 909 esse
308 845 424 920 credo;
449 856 486 908 nt
509 834 579 924 Ill,
598 847 641 907 dd
662 864 727 908 non
750 866 829 909 sane
854 843 967 908 babuit
992 838 1201 907 cuicuimodi.
1249 841 1300 904 Ex

209 950 322 1015 rrrultis
349 939 480 1015 indiciis
505 953 690 1038 suspicatus
709 972 801 1030 sitm,
826 949 912 1014 bunc
936 951 1075 1014 eundem
1098 968 1183 1027 esse,
1205 966 1300 1032 quem

210 1055 393 1122 Wallrerus
417 1070 450 1121 et
471 1057 630 1122 Dauisius
651 1057 870 1122 Parisienaem
888 1060 911 1122 1,
930 1055 1139 1143 appellarant
1167 1046 1218 1139 (l,
1257 1055 1299 1115 80

208 1165 331 1228 autad
350 1174 513 1242 naturam,
535 1167 576 1227 ol
601 1163 640 1226 c'd
662 1172 721 1241 est,
742 1170 1007 1248 intemperantes,
1032 1162 1082 1241 ll,
1103 1163 1145 1225 ⁰1
1167 1163 1237 1223 nt'ss'
1254 1164 1302 1233 nt,

208 1273 273 1334 1⁰0
293 1291 422 1354 prona,
453 1277 492 1332 nt
513 1268 635 1348 aiebat,
658 1269 726 1350 lll,
750 1275 772 1334 o
794 1291 864 1334 esse
886 1275 918 1333 aa·
939 1270 1090 1348 dianes,
1133 1268 1175 1332 ⁴1
1199 1269 1304 1329 sortes·

206 1396 270 1439 aon
294 1377 381 1460 qnod
400 1381 617 1440 aestimatione
636 1382 787 1454 omnino,
831 1378 874 1439 ld
913 1376 1118 1454 donavere,
1148 1375 1193 1437 08
1218 1372 1302 1436 uelle

207 1485 279 1545 sine
296 1502 497 1566 procreare,
539 1484 582 1546 ’73
604 1490 638 1546 et
664 1481 960 1566 proficiscendum).
1033 1480 1097 1546 Sed
1130 1482 1159 1544 si
1189 1479 1303 1552 itast,

207 1587 445 1652 incredibiliter
467 1586 627 1652 Dauisius
649 1591 828 1674 scripturas
856 1585 1080 1674 perturbaait,
1127 1607 1234 1672 neque
1257 1597 1304 1648 ta-

207 1716 282 1758 mon
305 1697 411 1780 magia
431 1716 529 1780 quam
550 1698 585 1785 in
608 1694 818 1771 Eliensihus;
842 1716 916 1758 narn
939 1693 1113 1780 permultis
1134 1692 1219 1757 locis
1235 1690 1302 1756 alia

206 1824 225 1864 c
250 1802 324 1865 Par.
350 1805 367 1864 l
391 1803 486 1887 ponit
508 1815 606 1890 atque
630 1823 681 1882 ea,
704 1823 776 1887 quae
799 1802 882 1867 mibi
903 1822 948 1865 ex
970 1822 1011 1864 eo
1034 1801 1207 1886 perspicua
1225 1817 1302 1863 eao-

206 1920 274 1971 tata
296 1921 383 1972 sont.

296 2011 452 2077 Codicem
491 2013 706 2093 Larinatem,
755 2016 810 2100 qui
854 2017 939 2079 inter
975 2013 1159 2079 llossianos
1189 2010 1303 2098 lormte

205 2138 370 2182 maxuma
391 2131 526 2204 quartus
549 2122 704 2186 decumus
727 2133 796 2200 est,
836 2121 876 2186 U.
900 2118 953 2186 Cl.
974 2120 1074 2184 lanus
1097 2116 1223 2182 Bekius
1245 2137 1304 2202 per

206 2223 403 2309 discipulum
429 2225 574 2311 aliquem
598 2248 694 2291 suom
722 2250 796 2291 cum
829 2225 986 2313 exemplo
1021 2224 1195 2291 Orelliano
1228 2218 1302 2285 dili-

205 2332 408 2414 gontissumc
440 2333 674 2398 conserendum
699 2336 828 2398 curauit
852 2346 1082 2418 enotatamqua
1105 2333 1301 2396 uarietatem

205 2434 286 2498 mibi
309 2436 556 2522 perhumaniter
580 2440 666 2504 dono
690 2441 797 2518 misit,
820 2440 1008 2526 addiditque
1031 2441 1066 2502 in
1089 2436 1224 2514 litteris,
1246 2456 1301 2499 co-

204 2541 322 2619 dicem,
347 2545 401 2628 qui
426 2543 522 2629 plura
548 2544 709 2611 Tulliana
727 2549 884 2623 continet,
908 2556 982 2609 esse
1004 2541 1302 2618 membranaceum,

205 2647 307 2710 nitide
340 2652 498 2735 scriptum
532 2651 664 2731 seculo,
708 2667 742 2717 ut
777 2652 839 2717 sibi
862 2653 1049 2730 uideretur,
1092 2650 1195 2716 ΧΨ.
1262 2646 1299 2711 ln

202 2755 317 2838 primae
340 2759 468 2843 paginae
492 2760 558 2822 ima
581 2772 675 2846 parte
699 2764 857 2846 scriptum
879 2770 966 2822 erat:
996 2758 1070 2820 ”Ex
1095 2756 1299 2821 bibliotheca

204 2860 252 2924 lo.
276 2860 410 2927 lloralti
436 2864 650 2930 Boissallcrii.
688 2867 761 2930 Emi
784 2888 804 2930 a
827 2863 970 2929 Camillo
995 2863 1114 2928 Crucio
1137 2868 1158 2928 4
1182 2863 1299 2928 Coro.”

204 2966 397 3047 (lluraltino
422 2973 533 3036 codice
559 2995 638 3037 usus
661 2987 713 3038 est
731 2971 936 3050 Lambinus,
956 2970 1012 3034 sed
1034 2970 1113 3050 alio,
1136 2971 1297 3058 siquidem

197 3074 232 3132 'is
255 3071 300 3148 V,
320 3076 365 3135 89
388 3073 504 3141 babuit
526 3081 618 3143 docte⁸
638 3089 672 3143 et
692 3079 843 3159 indocti.)
887 3077 939 3142 De
961 3089 1057 3141 aetate
1081 3079 1142 3142 nix
1164 3096 1297 3162 possum

204 3178 358 3256 credere,
390 3183 546 3264 quoniam
568 3184 780 3269 interpolatio
804 3183 986 3260 eiusmodi,
1022 3181 1154 3268 qualem
1177 3184 1213 3246 in
1237 3182 1298 3247 boc

204 3282 316 3347 codice
340 3305 414 3347 esse
439 3285 555 3372 paullo
578 3303 654 3376 post
683 3283 808 3367 dicam,
851 3290 884 3351 in
905 3288 988 3352 illud
1010 3303 1139 3375 tempus
1156 3308 1223 3352 non
1248 3291 1297 3351 ni-

110 3411 113 3417 ·
203 3390 298 3452 detuu
326 3389 455 3454 cadere.
524 3391 656 3476 (Codex
692 3393 719 3458 l.
750 3396 804 3472 Fr.
837 3393 1005 3473 Gronoui,
1047 3415 1142 3481 quem
1167 3416 1186 3458 e
1210 3406 1297 3459 cata·

202 3493 281 3580 logo
304 3495 392 3561 edita
414 3518 627 3584 sperauerant
660 3501 747 3567 hunc
779 3521 871 3579 esse,
920 3501 1076 3588 Lugduni
1096 3499 1297 3568 Batauorum

202 3599 367 3688 nonest.)

293 3706 426 3775 Codicis
447 3711 664 3779 Monacensis
701 3736 807 3800 neque
846 3735 1018 3779 numerum
1051 3715 1160 3780 dicero
1188 3736 1295 3801 neque

201 3815 375 3901 quicquam
398 3820 503 3884 de‘eo
528 3823 648 3886 addere
672 3841 823 3907 possum,
875 3821 962 3905 quod
989 3841 1055 3885 oon
1085 3822 1296 3906 ascripturie

198 3932 323 4002 pateat,
344 3939 476 4011 propter
497 3926 689 3993 huiusmodi
711 3947 870 3990 caussam.
918 3925 1028 4005 Quom
1052 3949 1098 3991 ex
1121 3925 1162 3992 U.
1179 3924 1229 3990 Cl.
1242 3924 1296 3990 Fr.

201 4021 400 4096 'l'hierschio
421 4054 481 4118 per
513 4034 641 4099 litteras
675 4034 864 4120 quaesissem
896 4044 930 4097 et
959 4035 999 4097 de
1036 4034 1148 4098 codice
1179 4031 1297 4096 Mona-

198 4135 289 4198 censi
310 4155 342 4198 n.
362 4138 438 4217 328,
459 4162 478 4201 c
500 4163 565 4227 quo
587 4139 792 4206 Goerenzius
813 4161 935 4224 paucas
955 4142 1134 4224 scripturas
1157 4160 1178 4202 a
1197 4138 1296 4204 Wer·

194 4238 268 4304 fero
291 4256 468 4329 excerptas
491 4260 667 4331 posuerat,
689 4258 724 4310 et
748 4246 788 4309 de
813 4247 875 4324 iis,
919 4266 991 4332 quoe
1012 4242 1173 4331 opinabar
1195 4246 1294 4308 etiam

194 4345 235 4408 ad
258 4347 318 4413 bos
344 4348 448 4414 libros
473 4374 492 4415 a
517 4351 553 4415 P.
579 4352 727 4419 Uictoria
751 4351 831 4417 olim
865 4351 1013 4418 conlecta
1044 4348 1202 4415 Monacbi
1227 4370 1296 4413 ser·
