<?xml version="1.0" encoding="UTF-8"?>
<!DOCTYPE html PUBLIC "-//W3C//DTD XHTML 1.0 Transitional//EN"
    "http://www.w3.org/TR/xhtml1/DTD/xhtml1-transitional.dtd">
<html xmlns="http://www.w3.org/1999/xhtml" xml:lang="en" lang="en">
 <head>
  <title>
</title>
<meta http-equiv="Content-Type" content="text/html;charset=utf-8" />
  <meta name='ocr-system' content='tesseract 3.04.00' />
  <meta name='ocr-capabilities' content='ocr_page ocr_carea ocr_par ocr_line ocrx_word'/>
</head>
<body>
  <div class='ocr_page' id='page_1' title='image "./mtulliciceronis00madvgoog_0733.png"; bbox 0 0 2706 5018; ppageno 0'>
   <div class='ocr_carea' id='block_1_1' title="bbox 345 373 1153 448">
    <p class='ocr_par' dir='ltr' id='par_1_1' title="bbox 345 373 1153 448">
     <span class='ocr_line' id='line_1_1' title="bbox 345 373 1153 448; baseline 0.01 -8"><span class='ocrx_word' id='word_1_1' title='bbox 345 376 405 440; x_wconf 84' lang='grc' dir='ltr'><strong>ΕΤ</strong></span> <span class='ocrx_word' id='word_1_2' title='bbox 429 373 538 442; x_wconf 78' lang='lat' dir='ltr'><strong>MAL.</strong></span> <span class='ocrx_word' id='word_1_3' title='bbox 561 375 644 442; x_wconf 87' lang='lat' dir='ltr'><strong>LlB.</strong></span> <span class='ocrx_word' id='word_1_4' title='bbox 667 381 697 446; x_wconf 93' lang='lat' dir='ltr'>V</span> <span class='ocrx_word' id='word_1_5' title='bbox 721 379 817 445; x_wconf 74' lang='lat' dir='ltr'><strong>cle.</strong></span> <span class='ocrx_word' id='word_1_6' title='bbox 839 385 870 445; x_wconf 82' lang='grc'><strong>8.</strong></span> <span class='ocrx_word' id='word_1_7' title='bbox 1089 385 1153 448; x_wconf 70' lang='grc'><strong>668</strong></span> 
     </span>
    </p>
   </div>
   <div class='ocr_carea' id='block_1_2' title="bbox 108 568 1151 978">
    <p class='ocr_par' dir='ltr' id='par_1_2' title="bbox 108 568 1151 978">
     <span class='ocr_line' id='line_1_2' title="bbox 108 568 1151 661; baseline 0.012 -34"><span class='ocrx_word' id='word_1_8' title='bbox 108 586 152 643; x_wconf 93' lang='grc' dir='ltr'><strong>ιι,</strong></span> <span class='ocrx_word' id='word_1_9' title='bbox 187 568 336 654; x_wconf 88' lang='lat' dir='ltr'><strong>quodque</strong></span> <span class='ocrx_word' id='word_1_10' title='bbox 361 572 466 654; x_wconf 85' lang='lat' dir='ltr'><strong>ipsuru</strong></span> <span class='ocrx_word' id='word_1_11' title='bbox 487 594 546 656; x_wconf 91' lang='lat' dir='ltr'><strong>per</strong></span> <span class='ocrx_word' id='word_1_12' title='bbox 569 593 605 637; x_wconf 88' lang='lat' dir='ltr'><strong>se</strong></span> <span class='ocrx_word' id='word_1_13' title='bbox 627 577 766 660; x_wconf 87' lang='lat' dir='ltr'><strong>primurn</strong></span> <span class='ocrx_word' id='word_1_14' title='bbox 791 575 980 661; x_wconf 81' lang='lat' dir='ltr'><strong>adpetatur,</strong></span> <span class='ocrx_word' id='word_1_15' title='bbox 1015 574 1077 640; x_wconf 90' lang='lat' dir='ltr'><strong>hoc</strong></span> <span class='ocrx_word' id='word_1_16' title='bbox 1102 591 1151 640; x_wconf 92' lang='lat' dir='ltr'><strong>to·</strong></span> 
     </span>
     <span class='ocr_line' id='line_1_3' title="bbox 109 673 1151 765; baseline 0.012 -32"><span class='ocrx_word' id='word_1_17' title='bbox 109 693 132 733; x_wconf 92' lang='lat' dir='ltr'><strong>n</strong></span> <span class='ocrx_word' id='word_1_18' title='bbox 154 686 185 734; x_wconf 90' lang='lat' dir='ltr'><strong>et</strong></span> <span class='ocrx_word' id='word_1_19' title='bbox 206 676 230 736; x_wconf 95' lang='lat' dir='ltr'><strong>ii</strong></span> <span class='ocrx_word' id='word_1_20' title='bbox 255 673 394 754; x_wconf 92' lang='lat' dir='ltr'><strong>tollunt,</strong></span> <span class='ocrx_word' id='word_1_21' title='bbox 423 680 533 762; x_wconf 90' lang='lat' dir='ltr'><strong>quiin</strong></span> <span class='ocrx_word' id='word_1_22' title='bbox 556 676 654 741; x_wconf 87' lang='lat' dir='ltr'><strong>rebus</strong></span> <span class='ocrx_word' id='word_1_23' title='bbox 680 682 739 757; x_wconf 88' lang='lat' dir='ltr'><strong>iis,</strong></span> <span class='ocrx_word' id='word_1_24' title='bbox 785 683 817 743; x_wconf 90' lang='lat' dir='ltr'><strong>iu</strong></span> <span class='ocrx_word' id='word_1_25' title='bbox 843 680 960 765; x_wconf 89' lang='lat' dir='ltr'><strong>quibus</strong></span> <span class='ocrx_word' id='word_1_26' title='bbox 983 682 1065 744; x_wconf 87' lang='lat' dir='ltr'>nihil</span> <span class='ocrx_word' id='word_1_27' title='bbox 1094 696 1151 745; x_wconf 83' lang='lat' dir='ltr'><strong>aut</strong></span> 
     </span>
     <span class='ocr_line' id='line_1_4' title="bbox 108 784 1151 869; baseline 0.011 -28"><span class='ocrx_word' id='word_1_28' title='bbox 108 792 231 843; x_wconf 84' lang='lat' dir='ltr'><strong>uesturu</strong></span> <span class='ocrx_word' id='word_1_29' title='bbox 257 794 313 844; x_wconf 83' lang='lat' dir='ltr'><strong>eut</strong></span> <span class='ocrx_word' id='word_1_30' title='bbox 338 795 433 867; x_wconf 82' lang='lat' dir='ltr'>turpe</span> <span class='ocrx_word' id='word_1_31' title='bbox 456 787 511 861; x_wconf 93' lang='lat' dir='ltr'><strong>sit,</strong></span> <span class='ocrx_word' id='word_1_32' title='bbox 548 802 669 869; x_wconf 82' lang='lat' dir='ltr'><strong>negant</strong></span> <span class='ocrx_word' id='word_1_33' title='bbox 691 807 764 848; x_wconf 83' lang='lat' dir='ltr'><strong>esse</strong></span> <span class='ocrx_word' id='word_1_34' title='bbox 789 784 891 848; x_wconf 87' lang='lat' dir='ltr'><strong>ulluru</strong></span> <span class='ocrx_word' id='word_1_35' title='bbox 912 808 1071 866; x_wconf 82' lang='lat' dir='ltr'><strong>caussam,</strong></span> <span class='ocrx_word' id='word_1_36' title='bbox 1094 811 1151 852; x_wconf 87' lang='lat' dir='ltr'><strong>eur</strong></span> 
     </span>
     <span class='ocr_line' id='line_1_5' title="bbox 109 883 1149 978; baseline 0.011 -33"><span class='ocrx_word' id='word_1_37' title='bbox 109 883 149 946; x_wconf 92' lang='lat' dir='ltr'><strong>ud</strong></span> <span class='ocrx_word' id='word_1_38' title='bbox 185 884 243 949; x_wconf 82' lang='lat' dir='ltr'><strong>alii</strong></span> <span class='ocrx_word' id='word_1_39' title='bbox 284 900 520 973; x_wconf 79' lang='lat' dir='ltr'><strong>anteponatur,</strong></span> <span class='ocrx_word' id='word_1_40' title='bbox 564 911 625 952; x_wconf 85' lang='lat' dir='ltr'><strong>nee</strong></span> <span class='ocrx_word' id='word_1_41' title='bbox 663 893 750 955; x_wconf 91' lang='lat' dir='ltr'><strong>inter</strong></span> <span class='ocrx_word' id='word_1_42' title='bbox 789 912 847 954; x_wconf 82' lang='lat' dir='ltr'><strong>eus</strong></span> <span class='ocrx_word' id='word_1_43' title='bbox 883 913 936 955; x_wconf 85' lang='lat' dir='ltr'><strong>res</strong></span> <span class='ocrx_word' id='word_1_44' title='bbox 977 896 1149 978; x_wconf 87' lang='lat' dir='ltr'><strong>quiequoru</strong></span> 
     </span>
    </p>
   </div>
   <div class='ocr_carea' id='block_1_3' title="bbox 108 990 1149 1400">
    <p class='ocr_par' dir='ltr' id='par_1_3' title="bbox 108 990 1149 1400">
     <span class='ocr_line' id='line_1_6' title="bbox 108 990 1149 1076; baseline 0.011 -26"><span class='ocrx_word' id='word_1_45' title='bbox 108 990 191 1053; x_wconf 83' lang='lat' dir='ltr'><strong>inino</strong></span> <span class='ocrx_word' id='word_1_46' title='bbox 215 1005 329 1076; x_wconf 84' lang='lat' dir='ltr'><strong>putant</strong></span> <span class='ocrx_word' id='word_1_47' title='bbox 351 995 531 1073; x_wconf 82' lang='lat' dir='ltr'>interesse,</span> <span class='ocrx_word' id='word_1_48' title='bbox 554 1009 586 1057; x_wconf 91' lang='lat' dir='ltr'><strong>et</strong></span> <span class='ocrx_word' id='word_1_49' title='bbox 610 994 779 1074; x_wconf 65' lang='lat' dir='ltr'><strong>Herulus,</strong></span> <span class='ocrx_word' id='word_1_50' title='bbox 801 1000 828 1059; x_wconf 87' lang='lat' dir='ltr'><strong>si</strong></span> <span class='ocrx_word' id='word_1_51' title='bbox 850 1000 896 1060; x_wconf 82' lang='lat' dir='ltr'><strong>itu</strong></span> <span class='ocrx_word' id='word_1_52' title='bbox 914 1000 1038 1076; x_wconf 88' lang='lat' dir='ltr'><strong>sensit,</strong></span> <span class='ocrx_word' id='word_1_53' title='bbox 1067 998 1149 1061; x_wconf 91' lang='lat' dir='ltr'><strong>nihil</strong></span> 
     </span>
     <span class='ocr_line' id='line_1_7' title="bbox 108 1094 1149 1189; baseline 0.011 -33"><span class='ocrx_word' id='word_1_54' title='bbox 108 1114 134 1155; x_wconf 75' lang='lat' dir='ltr'><strong>re</strong></span> <span class='ocrx_word' id='word_1_55' title='bbox 160 1094 289 1161; x_wconf 84' lang='lat' dir='ltr'><strong>bonurn-</strong></span> <span class='ocrx_word' id='word_1_56' title='bbox 310 1112 440 1183; x_wconf 87' lang='lat' dir='ltr'><strong>praeter</strong></span> <span class='ocrx_word' id='word_1_57' title='bbox 472 1104 660 1180; x_wconf 85' lang='lat' dir='ltr'><strong>scientiam,</strong></span> <span class='ocrx_word' id='word_1_58' title='bbox 704 1123 833 1165; x_wconf 85' lang='lat' dir='ltr'><strong>oruneru</strong></span> <span class='ocrx_word' id='word_1_59' title='bbox 859 1103 976 1180; x_wconf 80' lang='lat' dir='ltr'><strong>consili</strong></span> <span class='ocrx_word' id='word_1_60' title='bbox 1000 1106 1149 1189; x_wconf 83' lang='lat' dir='ltr'><strong>capiendi</strong></span> 
     </span>
     <span class='ocr_line' id='line_1_8' title="bbox 108 1205 1149 1291; baseline 0.01 -29"><span class='ocrx_word' id='word_1_61' title='bbox 108 1221 203 1264; x_wconf 77' lang='lat' dir='ltr'><strong>uesani</strong></span> <span class='ocrx_word' id='word_1_62' title='bbox 244 1206 533 1291; x_wconf 86' lang='lat' dir='ltr'><strong>inuentionernque</strong></span> <span class='ocrx_word' id='word_1_63' title='bbox 574 1205 661 1270; x_wconf 86' lang='lat' dir='ltr'><strong>offici</strong></span> <span class='ocrx_word' id='word_1_64' title='bbox 701 1209 845 1271; x_wconf 78' lang='lat' dir='ltr'><strong>sustulit.</strong></span> <span class='ocrx_word' id='word_1_65' title='bbox 907 1211 963 1273; x_wconf 86' lang='lat' dir='ltr'><strong>Sio</strong></span> <span class='ocrx_word' id='word_1_66' title='bbox 1002 1209 1149 1273; x_wconf 85' lang='lat' dir='ltr'><strong>exclusis</strong></span> 
     </span>
     <span class='ocr_line' id='line_1_9' title="bbox 108 1308 1147 1400; baseline 0.011 -34"><span class='ocrx_word' id='word_1_67' title='bbox 108 1311 227 1371; x_wconf 86' lang='lat' dir='ltr'><strong>ntentiis</strong></span> <span class='ocrx_word' id='word_1_68' title='bbox 252 1308 469 1391; x_wconf 88' lang='lat' dir='ltr'><strong>relicuorunr,</strong></span> <span class='ocrx_word' id='word_1_69' title='bbox 505 1335 601 1398; x_wconf 86' lang='lat' dir='ltr'><strong>quoru</strong></span> <span class='ocrx_word' id='word_1_70' title='bbox 626 1327 796 1399; x_wconf 84' lang='lat' dir='ltr'><strong>praeterea</strong></span> <span class='ocrx_word' id='word_1_71' title='bbox 820 1315 911 1378; x_wconf 82' lang='lat' dir='ltr'><strong>nulle</strong></span> <span class='ocrx_word' id='word_1_72' title='bbox 936 1335 1009 1379; x_wconf 88' lang='lat' dir='ltr'><strong>esse</strong></span> <span class='ocrx_word' id='word_1_73' title='bbox 1033 1318 1147 1400; x_wconf 78' lang='lat' dir='ltr'><strong>possit,</strong></span> 
     </span>
    </p>
   </div>
   <div class='ocr_carea' id='block_1_4' title="bbox 108 1478 1147 1618">
    <p class='ocr_par' dir='ltr' id='par_1_4' title="bbox 108 1478 1147 1618">
     <span class='ocr_line' id='line_1_10' title="bbox 119 1478 1147 1540; baseline 0.011 -20"><span class='ocrx_word' id='word_1_74' title='bbox 119 1478 345 1536; x_wconf 80' lang='lat' dir='ltr'><strong>primurn)lpsum0</strong></span> <span class='ocrx_word' id='word_1_75' title='bbox 386 1482 414 1537; x_wconf 93' lang='lat' dir='ltr'><strong>ii)</strong></span> <span class='ocrx_word' id='word_1_76' title='bbox 429 1484 489 1528; x_wconf 64' lang='lat' dir='ltr'><strong>dila</strong></span> <span class='ocrx_word' id='word_1_77' title='bbox 532 1483 657 1535; x_wconf 75' lang='lat' dir='ltr'><strong>iisldisla</strong></span> <span class='ocrx_word' id='word_1_78' title='bbox 699 1483 912 1540; x_wconf 79' lang='lat' dir='ltr'><strong>nihil)edd.quod</strong></span> <span class='ocrx_word' id='word_1_79' title='bbox 928 1487 1147 1537; x_wconf 71' lang='lat' dir='ltr'><strong>Eonennuneu.</strong></span> 
     </span>
     <span class='ocr_line' id='line_1_11' title="bbox 108 1553 923 1618; baseline 0.015 -23"><span class='ocrx_word' id='word_1_80' title='bbox 108 1553 278 1601; x_wconf 70' lang='lat' dir='ltr'><strong>eonnecu</strong></span> <span class='ocrx_word' id='word_1_81' title='bbox 306 1558 459 1612; x_wconf 83' lang='lat' dir='ltr'><strong>erse)etr&#39;em</strong></span> <span class='ocrx_word' id='word_1_82' title='bbox 475 1560 595 1614; x_wconf 72' lang='lat' dir='ltr'><strong>0,om.ir</strong></span> <span class='ocrx_word' id='word_1_83' title='bbox 624 1561 755 1618; x_wconf 75' lang='lat' dir='ltr'><strong>quiequam)</strong></span> <span class='ocrx_word' id='word_1_84' title='bbox 771 1563 923 1618; x_wconf 65' lang='lat' dir='ltr'><strong>persequtus</strong></span> 
     </span>
    </p>
   </div>
   <div class='ocr_carea' id='block_1_5' title="bbox 108 1711 1150 4461">
    <p class='ocr_par' dir='ltr' id='par_1_5' title="bbox 108 1711 1148 2057">
     <span class='ocr_line' id='line_1_12' title="bbox 108 1711 1148 1785; baseline 0.01 -26"><span class='ocrx_word' id='word_1_85' title='bbox 108 1711 159 1776; x_wconf 82' lang='lat' dir='ltr'><strong>teor)</strong></span> <span class='ocrx_word' id='word_1_86' title='bbox 177 1712 281 1766; x_wconf 85' lang='lat' dir='ltr'><strong>eteius</strong></span> <span class='ocrx_word' id='word_1_87' title='bbox 300 1714 470 1769; x_wconf 86' lang='lat' dir='ltr'><strong>delinitionis</strong></span> <span class='ocrx_word' id='word_1_88' title='bbox 491 1733 566 1769; x_wconf 87' lang='lat' dir='ltr'><strong>nunc</strong></span> <span class='ocrx_word' id='word_1_89' title='bbox 585 1733 633 1768; x_wconf 89' lang='lat' dir='ltr'><strong>uos</strong></span> <span class='ocrx_word' id='word_1_90' title='bbox 653 1718 807 1781; x_wconf 74' lang='lat' dir='ltr'><strong>admonet,</strong></span> <span class='ocrx_word' id='word_1_91' title='bbox 845 1715 930 1768; x_wconf 84' lang='lat' dir='ltr'><strong>aliter</strong></span> <span class='ocrx_word' id='word_1_92' title='bbox 950 1713 1083 1785; x_wconf 83' lang='lat' dir='ltr'><strong>scripturn</strong></span> <span class='ocrx_word' id='word_1_93' title='bbox 1105 1733 1148 1769; x_wconf 87' lang='lat' dir='ltr'><strong>es·</strong></span> 
     </span>
     <span class='ocr_line' id='line_1_13' title="bbox 108 1804 1147 1878; baseline 0.008 -25"><span class='ocrx_word' id='word_1_94' title='bbox 108 1813 124 1848; x_wconf 72' lang='lat'><strong>2:</strong></span> <span class='ocrx_word' id='word_1_95' title='bbox 140 1804 205 1873; x_wconf 77' lang='lat' dir='ltr'><strong>prod</strong></span> <span class='ocrx_word' id='word_1_96' title='bbox 222 1812 331 1857; x_wconf 82' lang='lat' dir='ltr'><strong>nuterae</strong></span> <span class='ocrx_word' id='word_1_97' title='bbox 350 1808 386 1859; x_wconf 86' lang='lat' dir='ltr'><strong>rit</strong></span> <span class='ocrx_word' id='word_1_98' title='bbox 405 1815 507 1874; x_wconf 83' lang='lat' dir='ltr'><strong>aptum.</strong></span> <span class='ocrx_word' id='word_1_99' title='bbox 548 1815 646 1878; x_wconf 90' lang='lat' dir='ltr'><strong>ltuque</strong></span> <span class='ocrx_word' id='word_1_100' title='bbox 667 1809 822 1876; x_wconf 69' lang='lat' dir='ltr'><strong>perlectum</strong></span> <span class='ocrx_word' id='word_1_101' title='bbox 845 1816 970 1878; x_wconf 88' lang='lat' dir='ltr'><strong>tempus,</strong></span> <span class='ocrx_word' id='word_1_102' title='bbox 990 1808 1063 1878; x_wconf 87' lang='lat' dir='ltr'><strong>quod</strong></span> <span class='ocrx_word' id='word_1_103' title='bbox 1084 1809 1147 1861; x_wconf 84' lang='lat' dir='ltr'><strong>illu-</strong></span> 
     </span>
     <span class='ocr_line' id='line_1_14' title="bbox 109 1888 1147 1968; baseline 0.007 -23"><span class='ocrx_word' id='word_1_104' title='bbox 109 1888 194 1950; x_wconf 76' lang='lat' dir='ltr'><strong>tiores</strong></span> <span class='ocrx_word' id='word_1_105' title='bbox 211 1897 318 1950; x_wconf 70' lang='lat' dir='ltr'><strong>[abinus</strong></span> <span class='ocrx_word' id='word_1_106' title='bbox 337 1916 370 1949; x_wconf 80' lang='lat' dir='ltr'><strong>ex</strong></span> <span class='ocrx_word' id='word_1_107' title='bbox 398 1897 464 1951; x_wconf 85' lang='lat' dir='ltr'><strong>edit.</strong></span> <span class='ocrx_word' id='word_1_108' title='bbox 490 1900 582 1968; x_wconf 84' lang='lat' dir='ltr'><strong>primo</strong></span> <span class='ocrx_word' id='word_1_109' title='bbox 601 1906 767 1963; x_wconf 83' lang='lat' dir='ltr'><strong>tenuerunt,</strong></span> <span class='ocrx_word' id='word_1_110' title='bbox 804 1898 939 1953; x_wconf 74' lang='lat' dir='ltr'><strong>reu&#39;oenui</strong></span> <span class='ocrx_word' id='word_1_111' title='bbox 959 1917 975 1952; x_wconf 89' lang='lat' dir='ltr'><strong>e</strong></span> <span class='ocrx_word' id='word_1_112' title='bbox 994 1899 1147 1963; x_wconf 72' lang='lat' dir='ltr'><strong>codicibus,</strong></span> 
     </span>
     <span class='ocr_line' id='line_1_15' title="bbox 111 1988 697 2057; baseline 0.01 -20"><span class='ocrx_word' id='word_1_113' title='bbox 111 1997 147 2036; x_wconf 73' lang='lat' dir='ltr'><strong>tu</strong></span> <span class='ocrx_word' id='word_1_114' title='bbox 164 1988 232 2057; x_wconf 78' lang='grc' dir='ltr'><strong>Εχψ.</strong></span> <span class='ocrx_word' id='word_1_115' title='bbox 269 1989 363 2043; x_wconf 83' lang='lat' dir='ltr'><strong>Ceteri</strong></span> <span class='ocrx_word' id='word_1_116' title='bbox 382 1992 497 2043; x_wconf 77' lang='lat' dir='ltr'><strong>dicimur</strong></span> <span class='ocrx_word' id='word_1_117' title='bbox 517 1992 612 2044; x_wconf 80' lang='lat' dir='ltr'><strong>tuelle.</strong></span> <span class='ocrx_word' id='word_1_118' title='bbox 695 2014 697 2019; x_wconf 93' lang='grc'><strong><em>·</em></strong></span> 
     </span>
    </p>

    <p class='ocr_par' dir='ltr' id='par_1_6' title="bbox 108 2075 1150 2794">
     <span class='ocr_line' id='line_1_16' title="bbox 132 2075 1150 2150; baseline 0.01 -23"><span class='ocrx_word' id='word_1_119' title='bbox 132 2075 177 2130; x_wconf 82' lang='lat' dir='ltr'><strong>loe</strong></span> <span class='ocrx_word' id='word_1_120' title='bbox 195 2087 280 2132; x_wconf 81' lang='lat' dir='ltr'><strong>toturn</strong></span> <span class='ocrx_word' id='word_1_121' title='bbox 307 2088 333 2133; x_wconf 85' lang='lat' dir='ltr'><strong>et</strong></span> <span class='ocrx_word' id='word_1_122' title='bbox 357 2082 379 2133; x_wconf 86' lang='lat' dir='ltr'><strong>ii</strong></span> <span class='ocrx_word' id='word_1_123' title='bbox 403 2083 505 2134; x_wconf 82' lang='lat' dir='ltr'><strong>tollunt</strong></span> <span class='ocrx_word' id='word_1_124' title='bbox 529 2111 563 2122; x_wconf 90' lang='lat'><strong>-—</strong></span> <span class='ocrx_word' id='word_1_125' title='bbox 585 2092 611 2136; x_wconf 84' lang='lat' dir='ltr'><strong>et</strong></span> <span class='ocrx_word' id='word_1_126' title='bbox 630 2085 768 2150; x_wconf 81' lang='lat' dir='ltr'><strong>Heriilru)</strong></span> <span class='ocrx_word' id='word_1_127' title='bbox 804 2083 851 2136; x_wconf 88' lang='lat' dir='ltr'><strong>Sic</strong></span> <span class='ocrx_word' id='word_1_128' title='bbox 868 2100 885 2135; x_wconf 82' lang='lat' dir='ltr'><strong>e</strong></span> <span class='ocrx_word' id='word_1_129' title='bbox 903 2081 1047 2136; x_wconf 82' lang='lat' dir='ltr'><strong>communi</strong></span> <span class='ocrx_word' id='word_1_130' title='bbox 1066 2083 1150 2137; x_wconf 88' lang='lat' dir='ltr'><strong>initio</strong></span> 
     </span>
     <span class='ocr_line' id='line_1_17' title="bbox 110 2171 1147 2248; baseline 0.01 -30"><span class='ocrx_word' id='word_1_131' title='bbox 110 2180 162 2220; x_wconf 82' lang='lat' dir='ltr'><strong>rum</strong></span> <span class='ocrx_word' id='word_1_132' title='bbox 179 2171 427 2242; x_wconf 78' lang='lat' dir='ltr'><strong>reprehensionem</strong></span> <span class='ocrx_word' id='word_1_133' title='bbox 448 2174 559 2228; x_wconf 87' lang='lat' dir='ltr'><strong>orditur</strong></span> <span class='ocrx_word' id='word_1_134' title='bbox 580 2183 607 2229; x_wconf 91' lang='lat' dir='ltr'><strong>et</strong></span> <span class='ocrx_word' id='word_1_135' title='bbox 632 2177 673 2230; x_wconf 88' lang='lat' dir='ltr'><strong>sio</strong></span> <span class='ocrx_word' id='word_1_136' title='bbox 701 2184 763 2248; x_wconf 85' lang='lat' dir='ltr'><strong>post</strong></span> <span class='ocrx_word' id='word_1_137' title='bbox 791 2193 874 2229; x_wconf 77' lang='lat' dir='ltr'><strong>uoces</strong></span> <span class='ocrx_word' id='word_1_138' title='bbox 902 2176 952 2227; x_wconf 83' lang='lat' dir='ltr'><strong>doe</strong></span> <span class='ocrx_word' id='word_1_139' title='bbox 969 2181 1056 2227; x_wconf 78' lang='lat' dir='ltr'><strong>totum</strong></span> <span class='ocrx_word' id='word_1_140' title='bbox 1080 2191 1147 2245; x_wconf 84' lang='lat' dir='ltr'><strong>por·</strong></span> 
     </span>
     <span class='ocr_line' id='line_1_18' title="bbox 108 2252 1148 2335; baseline 0.007 -24"><span class='ocrx_word' id='word_1_141' title='bbox 108 2252 183 2315; x_wconf 75' lang='lat' dir='ltr'><strong>leneus</strong></span> <span class='ocrx_word' id='word_1_142' title='bbox 205 2264 343 2329; x_wconf 78' lang='lat' dir='ltr'><strong>instituit,</strong></span> <span class='ocrx_word' id='word_1_143' title='bbox 364 2269 396 2318; x_wconf 85' lang='lat' dir='ltr'><strong>ut</strong></span> <span class='ocrx_word' id='word_1_144' title='bbox 418 2273 445 2319; x_wconf 90' lang='lat' dir='ltr'><strong>et</strong></span> <span class='ocrx_word' id='word_1_145' title='bbox 464 2267 604 2321; x_wconf 82' lang='lat' dir='ltr'><strong>sententio</strong></span> <span class='ocrx_word' id='word_1_146' title='bbox 623 2276 652 2321; x_wconf 88' lang='lat' dir='ltr'><strong>et</strong></span> <span class='ocrx_word' id='word_1_147' title='bbox 669 2270 760 2323; x_wconf 77' lang='lat' dir='ltr'><strong>oratio</strong></span> <span class='ocrx_word' id='word_1_148' title='bbox 780 2270 856 2321; x_wconf 87' lang='lat' dir='ltr'><strong>hunc</strong></span> <span class='ocrx_word' id='word_1_149' title='bbox 878 2268 982 2322; x_wconf 86' lang='lat' dir='ltr'><strong>exitum</strong></span> <span class='ocrx_word' id='word_1_150' title='bbox 1001 2267 1148 2335; x_wconf 79' lang='lat' dir='ltr'><strong>postulare</strong></span> 
     </span>
     <span class='ocr_line' id='line_1_19' title="bbox 108 2336 1148 2428; baseline 0.007 -24"><span class='ocrx_word' id='word_1_151' title='bbox 108 2346 203 2407; x_wconf 71' lang='lat' dir='ltr'><strong>leston</strong></span> <span class='ocrx_word' id='word_1_152' title='bbox 224 2363 250 2408; x_wconf 85' lang='lat' dir='ltr'><strong>et</strong></span> <span class='ocrx_word' id='word_1_153' title='bbox 272 2357 396 2409; x_wconf 81' lang='lat' dir='ltr'><strong>Herillue</strong></span> <span class='ocrx_word' id='word_1_154' title='bbox 413 2359 480 2418; x_wconf 80' lang='lat' dir='ltr'><strong>(hoe</strong></span> <span class='ocrx_word' id='word_1_155' title='bbox 498 2336 588 2411; x_wconf 83' lang='lat' dir='ltr'><strong>toturn</strong></span> <span class='ocrx_word' id='word_1_156' title='bbox 607 2361 715 2425; x_wconf 81' lang='lat' dir='ltr'><strong>tollit),</strong></span> <span class='ocrx_word' id='word_1_157' title='bbox 736 2362 784 2428; x_wconf 84' lang='lat' dir='ltr'><strong>qui</strong></span> <span class='ocrx_word' id='word_1_158' title='bbox 801 2360 854 2412; x_wconf 69' lang='lat' dir='ltr'><strong>dee.</strong></span> <span class='ocrx_word' id='word_1_159' title='bbox 890 2359 946 2412; x_wconf 84' lang='lat' dir='ltr'><strong>Sed</strong></span> <span class='ocrx_word' id='word_1_160' title='bbox 964 2359 1058 2411; x_wconf 84' lang='lat' dir='ltr'><strong>neseio</strong></span> <span class='ocrx_word' id='word_1_161' title='bbox 1077 2375 1148 2427; x_wconf 74' lang='grc' dir='ltr'><strong>φω-</strong></span> 
     </span>
     <span class='ocr_line' id='line_1_20' title="bbox 108 2440 1147 2517; baseline 0.003 -19"><span class='ocrx_word' id='word_1_162' title='bbox 108 2440 144 2494; x_wconf 69' lang='lat' dir='ltr'><strong>*do</strong></span> <span class='ocrx_word' id='word_1_163' title='bbox 161 2447 298 2502; x_wconf 83' lang='lat' dir='ltr'><strong>duetusns</strong></span> <span class='ocrx_word' id='word_1_164' title='bbox 316 2447 562 2517; x_wconf 80' lang='lat' dir='ltr'><strong>reprehensionem</strong></span> <span class='ocrx_word' id='word_1_165' title='bbox 583 2451 609 2502; x_wconf 95' lang='lat' dir='ltr'><strong>in</strong></span> <span class='ocrx_word' id='word_1_166' title='bbox 628 2450 750 2514; x_wconf 88' lang='lat' dir='ltr'><strong>llerillo,</strong></span> <span class='ocrx_word' id='word_1_167' title='bbox 770 2451 872 2503; x_wconf 80' lang='lat' dir='ltr'><strong>inflexu</strong></span> <span class='ocrx_word' id='word_1_168' title='bbox 886 2451 990 2504; x_wconf 90' lang='lat' dir='ltr'><strong>leuiter</strong></span> <span class='ocrx_word' id='word_1_169' title='bbox 1008 2450 1147 2512; x_wconf 81' lang='lat' dir='ltr'><strong>oratione,</strong></span> 
     </span>
     <span class='ocr_line' id='line_1_21' title="bbox 108 2540 1145 2610; baseline 0.003 -21"><span class='ocrx_word' id='word_1_170' title='bbox 108 2548 122 2582; x_wconf 82' lang='lat'><strong>⁰</strong></span> <span class='ocrx_word' id='word_1_171' title='bbox 138 2540 250 2604; x_wconf 78' lang='lat' dir='ltr'><strong>euertit,</strong></span> <span class='ocrx_word' id='word_1_172' title='bbox 286 2541 361 2610; x_wconf 85' lang='lat' dir='ltr'><strong>quod</strong></span> <span class='ocrx_word' id='word_1_173' title='bbox 380 2540 479 2593; x_wconf 82' lang='lat' dir='ltr'><strong>consili</strong></span> <span class='ocrx_word' id='word_1_174' title='bbox 497 2542 628 2610; x_wconf 78' lang='lat' dir='ltr'><strong>cupiendi</strong></span> <span class='ocrx_word' id='word_1_175' title='bbox 647 2551 675 2595; x_wconf 87' lang='lat' dir='ltr'><strong>et</strong></span> <span class='ocrx_word' id='word_1_176' title='bbox 693 2542 771 2596; x_wconf 78' lang='lat' dir='ltr'><strong>oillei</strong></span> <span class='ocrx_word' id='word_1_177' title='bbox 791 2540 958 2610; x_wconf 74' lang='lat' dir='ltr'><strong>principium</strong></span> <span class='ocrx_word' id='word_1_178' title='bbox 977 2541 1145 2594; x_wconf 80' lang='lat' dir='ltr'><strong>sustulisset.</strong></span> 
     </span>
     <span class='ocr_line' id='line_1_22' title="bbox 108 2627 1147 2702; baseline 0.001 -22"><span class='ocrx_word' id='word_1_179' title='bbox 108 2627 145 2692; x_wconf 69' lang='lat' dir='ltr'><strong>tui</strong></span> <span class='ocrx_word' id='word_1_180' title='bbox 161 2630 187 2682; x_wconf 91' lang='lat' dir='ltr'><strong>id</strong></span> <span class='ocrx_word' id='word_1_181' title='bbox 214 2633 312 2685; x_wconf 86' lang='lat' dir='ltr'><strong>eodem</strong></span> <span class='ocrx_word' id='word_1_182' title='bbox 332 2632 441 2686; x_wconf 88' lang='lat' dir='ltr'><strong>lurein</strong></span> <span class='ocrx_word' id='word_1_183' title='bbox 463 2633 620 2685; x_wconf 76' lang='lat' dir='ltr'><strong>Aristonem</strong></span> <span class='ocrx_word' id='word_1_184' title='bbox 643 2642 672 2686; x_wconf 90' lang='lat' dir='ltr'><strong>et</strong></span> <span class='ocrx_word' id='word_1_185' title='bbox 692 2632 871 2702; x_wconf 65' lang='lat' dir='ltr'><strong>Pyrrhonem</strong></span> <span class='ocrx_word' id='word_1_186' title='bbox 889 2629 943 2683; x_wconf 87' lang='lat' dir='ltr'><strong>diei</strong></span> <span class='ocrx_word' id='word_1_187' title='bbox 964 2636 1078 2699; x_wconf 84' lang='lat' dir='ltr'><strong>poterut</strong></span> <span class='ocrx_word' id='word_1_188' title='bbox 1096 2647 1147 2683; x_wconf 86' lang='lat' dir='ltr'><strong>nee</strong></span> 
     </span>
     <span class='ocr_line' id='line_1_23' title="bbox 119 2716 488 2794; baseline 0.011 -22"><span class='ocrx_word' id='word_1_189' title='bbox 119 2716 184 2775; x_wconf 80' lang='lat' dir='ltr'><strong>huuc</strong></span> <span class='ocrx_word' id='word_1_190' title='bbox 202 2726 297 2778; x_wconf 84' lang='lat' dir='ltr'><strong>locum</strong></span> <span class='ocrx_word' id='word_1_191' title='bbox 318 2724 488 2794; x_wconf 78' lang='lat' dir='ltr'><strong>pertinebat.</strong></span> 
     </span>
    </p>

    <p class='ocr_par' dir='ltr' id='par_1_7' title="bbox 108 2811 1149 4171">
     <span class='ocr_line' id='line_1_24' title="bbox 131 2811 1146 2889; baseline -0.001 -21"><span class='ocrx_word' id='word_1_192' title='bbox 131 2811 267 2889; x_wconf 77' lang='lat' dir='ltr'><strong>ioqeidur</strong></span> <span class='ocrx_word' id='word_1_193' title='bbox 288 2818 357 2869; x_wconf 78' lang='lat' dir='ltr'><strong>uidit</strong></span> <span class='ocrx_word' id='word_1_194' title='bbox 379 2825 428 2870; x_wconf 85' lang='lat' dir='ltr'><strong>out</strong></span> <span class='ocrx_word' id='word_1_195' title='bbox 446 2813 603 2879; x_wconf 75' lang='lat' dir='ltr'><strong>honestum)</strong></span> <span class='ocrx_word' id='word_1_196' title='bbox 640 2814 775 2884; x_wconf 80' lang='lat' dir='ltr'><strong>Plerique</strong></span> <span class='ocrx_word' id='word_1_197' title='bbox 801 2814 965 2878; x_wconf 87' lang='lat' dir='ltr'><strong>ediderunt,</strong></span> <span class='ocrx_word' id='word_1_198' title='bbox 1000 2815 1032 2866; x_wconf 83' lang='lat' dir='ltr'><strong>ni</strong></span> <span class='ocrx_word' id='word_1_199' title='bbox 1058 2821 1099 2867; x_wconf 90' lang='lat' dir='ltr'><strong>est</strong></span> <span class='ocrx_word' id='word_1_200' title='bbox 1118 2813 1146 2867; x_wconf 91' lang='lat' dir='ltr'><strong>in</strong></span> 
     </span>
     <span class='ocr_line' id='line_1_25' title="bbox 108 2896 1147 2980; baseline 0.001 -22"><span class='ocrx_word' id='word_1_201' title='bbox 108 2896 140 2954; x_wconf 82' lang='lat' dir='ltr'><strong>ld·</strong></span> <span class='ocrx_word' id='word_1_202' title='bbox 157 2908 344 2962; x_wconf 86' lang='lat' dir='ltr'><strong>deterioribus</strong></span> <span class='ocrx_word' id='word_1_203' title='bbox 363 2909 469 2975; x_wconf 75' lang='lat' dir='ltr'><strong>(Poll,</strong></span> <span class='ocrx_word' id='word_1_204' title='bbox 491 2907 606 2971; x_wconf 78' lang='lat' dir='ltr'><strong>Daniel,</strong></span> <span class='ocrx_word' id='word_1_205' title='bbox 625 2905 696 2976; x_wconf 77' lang='grc' dir='ltr'><strong>ξχψ,</strong></span> <span class='ocrx_word' id='word_1_206' title='bbox 719 2905 804 2970; x_wconf 69' lang='lat' dir='ltr'><strong>(tzur</strong></span> <span class='ocrx_word' id='word_1_207' title='bbox 824 2907 853 2957; x_wconf 76' lang='lat' dir='ltr'><strong>in</strong></span> <span class='ocrx_word' id='word_1_208' title='bbox 871 2906 968 2980; x_wconf 70' lang='lat' dir='ltr'><strong>picibus</strong></span> <span class='ocrx_word' id='word_1_209' title='bbox 985 2905 1056 2956; x_wconf 74' lang='lat' dir='ltr'><strong>nihil</strong></span> <span class='ocrx_word' id='word_1_210' title='bbox 1074 2907 1147 2972; x_wconf 72' lang='lat' dir='ltr'><strong>praed</strong></span> 
     </span>
     <span class='ocr_line' id='line_1_26' title="bbox 108 2996 1147 3071; baseline 0.001 -23"><span class='ocrx_word' id='word_1_211' title='bbox 108 3007 171 3052; x_wconf 76' lang='lat' dir='ltr'><strong>sart</strong></span> <span class='ocrx_word' id='word_1_212' title='bbox 189 3000 253 3066; x_wconf 52' lang='lat' dir='ltr'><strong>&amp;eq</strong></span> <span class='ocrx_word' id='word_1_213' title='bbox 272 3003 353 3054; x_wconf 85' lang='lat' dir='ltr'><strong>nullu</strong></span> <span class='ocrx_word' id='word_1_214' title='bbox 364 3017 479 3071; x_wconf 87' lang='lat' dir='ltr'><strong>prorsus</strong></span> <span class='ocrx_word' id='word_1_215' title='bbox 498 2997 646 3053; x_wconf 83' lang='lat' dir='ltr'><strong>sententie.</strong></span> <span class='ocrx_word' id='word_1_216' title='bbox 681 3005 781 3067; x_wconf 86' lang='lat' dir='ltr'><strong>ltoque</strong></span> <span class='ocrx_word' id='word_1_217' title='bbox 800 2999 872 3050; x_wconf 79' lang='lat' dir='ltr'><strong>Due.</strong></span> <span class='ocrx_word' id='word_1_218' title='bbox 893 2998 990 3050; x_wconf 85' lang='lat' dir='ltr'><strong>ePor.</strong></span> <span class='ocrx_word' id='word_1_219' title='bbox 1008 2996 1027 3048; x_wconf 80' lang='lat'>2</span> <span class='ocrx_word' id='word_1_220' title='bbox 1044 2996 1147 3049; x_wconf 80' lang='lat' dir='ltr'><strong>edidit:</strong></span> 
     </span>
     <span class='ocr_line' id='line_1_27' title="bbox 110 3089 1147 3166; baseline -0.002 -25"><span class='ocrx_word' id='word_1_221' title='bbox 110 3090 195 3158; x_wconf 69' lang='lat' dir='ltr'><strong>qutun</strong></span> <span class='ocrx_word' id='word_1_222' title='bbox 213 3095 301 3156; x_wconf 83' lang='lat' dir='ltr'><strong>rrilrii,</strong></span> <span class='ocrx_word' id='word_1_223' title='bbox 321 3092 394 3166; x_wconf 72' lang='lat' dir='ltr'><strong>prend</strong></span> <span class='ocrx_word' id='word_1_224' title='bbox 414 3099 463 3144; x_wconf 85' lang='lat' dir='ltr'><strong>aut</strong></span> <span class='ocrx_word' id='word_1_225' title='bbox 480 3093 639 3153; x_wconf 73' lang='lat' dir='ltr'><strong>honestem,</strong></span> <span class='ocrx_word' id='word_1_226' title='bbox 669 3090 753 3160; x_wconf 84' lang='lat' dir='ltr'><strong>idque</strong></span> <span class='ocrx_word' id='word_1_227' title='bbox 772 3107 789 3144; x_wconf 83' lang='grc' dir='ltr'><strong>ιι</strong></span> <span class='ocrx_word' id='word_1_228' title='bbox 808 3090 973 3143; x_wconf 82' lang='lat' dir='ltr'><strong>melioribus</strong></span> <span class='ocrx_word' id='word_1_229' title='bbox 993 3089 1147 3140; x_wconf 77' lang='lat' dir='ltr'><strong>construis-</strong></span> 
     </span>
     <span class='ocr_line' id='line_1_28' title="bbox 108 3177 1148 3256; baseline -0.005 -18"><span class='ocrx_word' id='word_1_230' title='bbox 108 3185 219 3249; x_wconf 79' lang='lat' dir='ltr'><strong>¹(Erl.‚</strong></span> <span class='ocrx_word' id='word_1_231' title='bbox 238 3184 325 3256; x_wconf 69' lang='lat' dir='ltr'><strong>Spin,</strong></span> <span class='ocrx_word' id='word_1_232' title='bbox 344 3201 409 3237; x_wconf 86' lang='lat' dir='ltr'><strong>nurn</strong></span> <span class='ocrx_word' id='word_1_233' title='bbox 428 3186 462 3237; x_wconf 88' lang='lat' dir='ltr'><strong>do</strong></span> <span class='ocrx_word' id='word_1_234' title='bbox 482 3184 533 3239; x_wconf 76' lang='lat' dir='ltr'><strong>ox.</strong></span> <span class='ocrx_word' id='word_1_235' title='bbox 552 3185 575 3235; x_wconf 87' lang='grc' dir='ltr'>Ε</span> <span class='ocrx_word' id='word_1_236' title='bbox 594 3183 709 3237; x_wconf 80' lang='lat' dir='ltr'><strong>silentio</strong></span> <span class='ocrx_word' id='word_1_237' title='bbox 728 3182 831 3235; x_wconf 82' lang='lat' dir='ltr'><strong>conlidi</strong></span> <span class='ocrx_word' id='word_1_238' title='bbox 850 3180 957 3251; x_wconf 84' lang='lat' dir='ltr'><strong>nequit)</strong></span> <span class='ocrx_word' id='word_1_239' title='bbox 978 3177 1148 3233; x_wconf 84' lang='lat' dir='ltr'><strong>recentiores</strong></span> 
     </span>
     <span class='ocr_line' id='line_1_29' title="bbox 108 3272 1148 3347; baseline -0.005 -19"><span class='ocrx_word' id='word_1_240' title='bbox 108 3281 217 3331; x_wconf 69' lang='lat' dir='ltr'><strong>ruerunt.</strong></span> <span class='ocrx_word' id='word_1_241' title='bbox 259 3276 314 3331; x_wconf 86' lang='lat' dir='ltr'><strong>Sed</strong></span> <span class='ocrx_word' id='word_1_242' title='bbox 335 3293 427 3347; x_wconf 87' lang='lat' dir='ltr'><strong>noque</strong></span> <span class='ocrx_word' id='word_1_243' title='bbox 445 3275 472 3328; x_wconf 93' lang='lat' dir='ltr'><strong>in</strong></span> <span class='ocrx_word' id='word_1_244' title='bbox 492 3276 631 3329; x_wconf 77' lang='lat' dir='ltr'><strong>sententie</strong></span> <span class='ocrx_word' id='word_1_245' title='bbox 650 3272 771 3327; x_wconf 83' lang='lat' dir='ltr'><strong>relotius</strong></span> <span class='ocrx_word' id='word_1_246' title='bbox 789 3273 951 3327; x_wconf 88' lang='lat' dir='ltr'><strong>huiusmodi</strong></span> <span class='ocrx_word' id='word_1_247' title='bbox 971 3274 1029 3339; x_wconf 87' lang='lat' dir='ltr'><strong>(res</strong></span> <span class='ocrx_word' id='word_1_248' title='bbox 1048 3290 1096 3333; x_wconf 83' lang='lat' dir='ltr'><strong>eoe,</strong></span> <span class='ocrx_word' id='word_1_249' title='bbox 1120 3273 1148 3323; x_wconf 82' lang='lat' dir='ltr'><strong>iu</strong></span> 
     </span>
     <span class='ocr_line' id='line_1_30' title="bbox 108 3357 1148 3437; baseline -0.003 -20"><span class='ocrx_word' id='word_1_250' title='bbox 108 3357 154 3417; x_wconf 72' lang='lat' dir='ltr'><strong>llos</strong></span> <span class='ocrx_word' id='word_1_251' title='bbox 170 3369 254 3437; x_wconf 82' lang='lat' dir='ltr'><strong>oilrr&#39;l)</strong></span> <span class='ocrx_word' id='word_1_252' title='bbox 274 3368 368 3422; x_wconf 84' lang='lat' dir='ltr'><strong>omitti</strong></span> <span class='ocrx_word' id='word_1_253' title='bbox 387 3369 506 3421; x_wconf 85' lang='lat' dir='ltr'><strong>uerbum</strong></span> <span class='ocrx_word' id='word_1_254' title='bbox 524 3363 730 3419; x_wconf 84' lang='lat' dir='ltr'><strong>snbstuntiuom</strong></span> <span class='ocrx_word' id='word_1_255' title='bbox 749 3373 851 3436; x_wconf 86' lang='lat' dir='ltr'><strong>potest,</strong></span> <span class='ocrx_word' id='word_1_256' title='bbox 872 3359 1148 3418; x_wconf 80' lang='lat' dir='ltr'><strong>neeinhaoiouiun·</strong></span> 
     </span>
     <span class='ocr_line' id='line_1_31' title="bbox 108 3455 1147 3534; baseline -0.003 -25"><span class='ocrx_word' id='word_1_257' title='bbox 108 3468 168 3524; x_wconf 67' lang='lat' dir='ltr'><strong>oue,</strong></span> <span class='ocrx_word' id='word_1_258' title='bbox 185 3470 216 3515; x_wconf 87' lang='lat' dir='ltr'><strong>ut</strong></span> <span class='ocrx_word' id='word_1_259' title='bbox 232 3460 321 3523; x_wconf 68' lang='lat' dir='ltr'><strong>sitit,</strong></span> <span class='ocrx_word' id='word_1_260' title='bbox 358 3460 431 3534; x_wconf 74' lang='lat' dir='ltr'><strong>quod</strong></span> <span class='ocrx_word' id='word_1_261' title='bbox 451 3487 484 3500; x_wconf 87' lang='lat'><em>-</em></span> <span class='ocrx_word' id='word_1_262' title='bbox 503 3459 540 3509; x_wconf 81' lang='lat' dir='ltr'><strong>sit</strong></span> <span class='ocrx_word' id='word_1_263' title='bbox 558 3455 670 3511; x_wconf 80' lang='lat' dir='ltr'><strong>dicutur</strong></span> <span class='ocrx_word' id='word_1_264' title='bbox 687 3476 738 3528; x_wconf 84' lang='lat' dir='ltr'><strong>pro</strong></span> <span class='ocrx_word' id='word_1_265' title='bbox 760 3476 813 3522; x_wconf 90' lang='lat' dir='ltr'><strong>eo,</strong></span> <span class='ocrx_word' id='word_1_266' title='bbox 838 3459 910 3529; x_wconf 83' lang='lat' dir='ltr'><strong>quod</strong></span> <span class='ocrx_word' id='word_1_267' title='bbox 931 3464 988 3509; x_wconf 78' lang='lat' dir='ltr'><strong>estr</strong></span> <span class='ocrx_word' id='word_1_268' title='bbox 1007 3456 1078 3508; x_wconf 79' lang='lat' dir='ltr'><strong>nilsil</strong></span> <span class='ocrx_word' id='word_1_269' title='bbox 1095 3462 1147 3516; x_wconf 83' lang='lat' dir='ltr'><strong>est,</strong></span> 
     </span>
     <span class='ocr_line' id='line_1_32' title="bbox 108 3545 1148 3619; baseline -0.007 -13"><span class='ocrx_word' id='word_1_270' title='bbox 108 3545 133 3596; x_wconf 71' lang='lat' dir='ltr'><strong>od</strong></span> <span class='ocrx_word' id='word_1_271' title='bbox 149 3579 179 3591; x_wconf 88' lang='lat'><em>-</em></span> <span class='ocrx_word' id='word_1_272' title='bbox 200 3553 238 3605; x_wconf 82' lang='lat' dir='ltr'><strong>rit</strong></span> <span class='ocrx_word' id='word_1_273' title='bbox 256 3553 323 3619; x_wconf 83' lang='lat' dir='ltr'><strong>(eir.</strong></span> <span class='ocrx_word' id='word_1_274' title='bbox 343 3552 377 3605; x_wconf 84' lang='lat' dir='ltr'><strong>ud</strong></span> <span class='ocrx_word' id='word_1_275' title='bbox 398 3548 530 3614; x_wconf 76' lang='lat' dir='ltr'><strong>1v‚32).</strong></span> <span class='ocrx_word' id='word_1_276' title='bbox 572 3556 670 3619; x_wconf 82' lang='lat' dir='ltr'><strong>ltaque</strong></span> <span class='ocrx_word' id='word_1_277' title='bbox 688 3550 866 3603; x_wconf 78' lang='lat' dir='ltr'><strong>scribendum</strong></span> <span class='ocrx_word' id='word_1_278' title='bbox 887 3557 964 3603; x_wconf 71' lang='lat' dir='ltr'><strong>eruti</strong></span> <span class='ocrx_word' id='word_1_279' title='bbox 1005 3548 1148 3617; x_wconf 77' lang='lat' dir='ltr'><strong>inquibus</strong></span> 
     </span>
     <span class='ocr_line' id='line_1_33' title="bbox 108 3635 1147 3712; baseline -0.002 -18"><span class='ocrx_word' id='word_1_280' title='bbox 108 3635 130 3687; x_wconf 70' lang='lat' dir='ltr'><strong>&#39;ll</strong></span> <span class='ocrx_word' id='word_1_281' title='bbox 145 3643 197 3706; x_wconf 83' lang='lat' dir='ltr'><strong>rit,</strong></span> <span class='ocrx_word' id='word_1_282' title='bbox 224 3647 298 3712; x_wconf 80' lang='lat' dir='ltr'><strong>pond</strong></span> <span class='ocrx_word' id='word_1_283' title='bbox 318 3651 367 3695; x_wconf 74' lang='lat' dir='ltr'><strong>arat</strong></span> <span class='ocrx_word' id='word_1_284' title='bbox 385 3644 526 3695; x_wconf 70' lang='lat' dir='ltr'><strong>honestum</strong></span> <span class='ocrx_word' id='word_1_285' title='bbox 544 3649 594 3694; x_wconf 84' lang='lat' dir='ltr'><strong>ant</strong></span> <span class='ocrx_word' id='word_1_286' title='bbox 612 3649 693 3709; x_wconf 82' lang='lat' dir='ltr'><strong>turpe</strong></span> <span class='ocrx_word' id='word_1_287' title='bbox 711 3642 756 3695; x_wconf 86' lang='lat' dir='ltr'><strong>rit.</strong></span> <span class='ocrx_word' id='word_1_288' title='bbox 794 3642 900 3694; x_wconf 85' lang='lat' dir='ltr'><strong>Uerum</strong></span> <span class='ocrx_word' id='word_1_289' title='bbox 922 3642 984 3712; x_wconf 84' lang='lat' dir='ltr'><strong>ipra</strong></span> <span class='ocrx_word' id='word_1_290' title='bbox 1001 3643 1060 3694; x_wconf 75' lang='lat' dir='ltr'><strong>herc</strong></span> <span class='ocrx_word' id='word_1_291' title='bbox 1081 3658 1147 3695; x_wconf 86' lang='lat' dir='ltr'><strong>uer·</strong></span> 
     </span>
     <span class='ocr_line' id='line_1_34' title="bbox 108 3731 1148 3808; baseline -0.004 -21"><span class='ocrx_word' id='word_1_292' title='bbox 108 3741 157 3787; x_wconf 67' lang='lat' dir='ltr'><strong>mus</strong></span> <span class='ocrx_word' id='word_1_293' title='bbox 175 3734 267 3790; x_wconf 74' lang='lat' dir='ltr'><strong>inanis</strong></span> <span class='ocrx_word' id='word_1_294' title='bbox 292 3735 374 3808; x_wconf 81' lang='lat' dir='ltr'><strong>copis</strong></span> <span class='ocrx_word' id='word_1_295' title='bbox 400 3734 481 3798; x_wconf 81' lang='lat' dir='ltr'><strong>(nilril</strong></span> <span class='ocrx_word' id='word_1_296' title='bbox 510 3739 567 3794; x_wconf 84' lang='lat' dir='ltr'><strong>est,</strong></span> <span class='ocrx_word' id='word_1_297' title='bbox 610 3734 683 3807; x_wconf 82' lang='lat' dir='ltr'><strong>quod</strong></span> <span class='ocrx_word' id='word_1_298' title='bbox 701 3734 751 3799; x_wconf 84' lang='lat' dir='ltr'><strong>rit)</strong></span> <span class='ocrx_word' id='word_1_299' title='bbox 770 3731 954 3800; x_wconf 83' lang='lat' dir='ltr'><strong>ineptissumn</strong></span> <span class='ocrx_word' id='word_1_300' title='bbox 973 3741 1007 3792; x_wconf 85' lang='lat' dir='ltr'><strong>st.</strong></span> <span class='ocrx_word' id='word_1_301' title='bbox 1061 3735 1148 3785; x_wconf 83' lang='lat' dir='ltr'><strong>Recte</strong></span> 
     </span>
     <span class='ocr_line' id='line_1_35' title="bbox 108 3822 1148 3894; baseline -0.006 -15"><span class='ocrx_word' id='word_1_302' title='bbox 108 3822 317 3881; x_wconf 70' lang='lat' dir='ltr'><strong>turbarentur·</strong></span> <span class='ocrx_word' id='word_1_303' title='bbox 335 3826 393 3890; x_wconf 86' lang='lat' dir='ltr'><strong>sie,</strong></span> <span class='ocrx_word' id='word_1_304' title='bbox 430 3831 551 3893; x_wconf 80' lang='lat' dir='ltr'><strong>uirgo,</strong></span> <span class='ocrx_word' id='word_1_305' title='bbox 586 3825 672 3879; x_wconf 85' lang='lat' dir='ltr'><strong>edidit</strong></span> <span class='ocrx_word' id='word_1_306' title='bbox 692 3824 1030 3894; x_wconf 76' lang='lat' dir='ltr'><strong>probauitqneoreliius.</strong></span> <span class='ocrx_word' id='word_1_307' title='bbox 1065 3822 1148 3890; x_wconf 81' lang='lat' dir='ltr'><strong>Quod</strong></span> 
     </span>
     <span class='ocr_line' id='line_1_36' title="bbox 108 3905 1149 3986; baseline -0.001 -19"><span class='ocrx_word' id='word_1_308' title='bbox 108 3905 163 3971; x_wconf 77' lang='lat' dir='ltr'><strong>isus</strong></span> <span class='ocrx_word' id='word_1_309' title='bbox 180 3920 250 3973; x_wconf 83' lang='lat' dir='ltr'><strong>duos</strong></span> <span class='ocrx_word' id='word_1_310' title='bbox 269 3919 378 3973; x_wconf 82' lang='lat' dir='ltr'><strong>codices</strong></span> <span class='ocrx_word' id='word_1_311' title='bbox 394 3918 467 3971; x_wconf 82' lang='lat' dir='ltr'><strong>hene</strong></span> <span class='ocrx_word' id='word_1_312' title='bbox 485 3915 655 3985; x_wconf 79' lang='lat' dir='ltr'><strong>scripturum</strong></span> <span class='ocrx_word' id='word_1_313' title='bbox 673 3916 830 3969; x_wconf 75' lang='lat' dir='ltr'><strong>’&#39;adiuuere</strong></span> <span class='ocrx_word' id='word_1_314' title='bbox 850 3922 935 3986; x_wconf 81' lang='lat' dir='ltr'><strong>atque</strong></span> <span class='ocrx_word' id='word_1_315' title='bbox 953 3915 1024 3967; x_wconf 82' lang='lat' dir='ltr'><strong>odeo</strong></span> <span class='ocrx_word' id='word_1_316' title='bbox 1043 3931 1099 3981; x_wconf 79' lang='lat' dir='ltr'><strong>pre</strong></span> <span class='ocrx_word' id='word_1_317' title='bbox 1118 3931 1149 3966; x_wconf 89' lang='lat' dir='ltr'><strong>se</strong></span> 
     </span>
     <span class='ocr_line' id='line_1_37' title="bbox 108 4003 1149 4080; baseline -0.003 -19"><span class='ocrx_word' id='word_1_318' title='bbox 108 4009 153 4061; x_wconf 59' lang='lat' dir='ltr'><strong>&#39;d’</strong></span> <span class='ocrx_word' id='word_1_319' title='bbox 170 4016 284 4074; x_wconf 73' lang='lat' dir='ltr'><strong>narret,</strong></span> <span class='ocrx_word' id='word_1_320' title='bbox 321 4009 524 4064; x_wconf 70' lang='lat' dir='ltr'><strong>lrsllemendus</strong></span> <span class='ocrx_word' id='word_1_321' title='bbox 550 4014 664 4069; x_wconf 87' lang='lat' dir='ltr'><strong>nutem,</strong></span> <span class='ocrx_word' id='word_1_322' title='bbox 704 4006 734 4059; x_wconf 88' lang='lat' dir='ltr'><strong>iu</strong></span> <span class='ocrx_word' id='word_1_323' title='bbox 762 4005 858 4060; x_wconf 85' lang='lat' dir='ltr'><strong>codice</strong></span> <span class='ocrx_word' id='word_1_324' title='bbox 876 4003 956 4077; x_wconf 77' lang='lat' dir='ltr'><strong>regio</strong></span> <span class='ocrx_word' id='word_1_325' title='bbox 974 4022 1057 4059; x_wconf 88' lang='lat' dir='ltr'><strong>uoces</strong></span> <span class='ocrx_word' id='word_1_326' title='bbox 1075 4006 1149 4080; x_wconf 76' lang='lat' dir='ltr'><strong>quod</strong></span> 
     </span>
     <span class='ocr_line' id='line_1_38' title="bbox 108 4098 896 4171; baseline -0.005 -17"><span class='ocrx_word' id='word_1_327' title='bbox 108 4100 239 4171; x_wconf 67' lang='lat' dir='ltr'><strong>*punctis</strong></span> <span class='ocrx_word' id='word_1_328' title='bbox 257 4105 369 4157; x_wconf 83' lang='lat' dir='ltr'><strong>nototss</strong></span> <span class='ocrx_word' id='word_1_329' title='bbox 391 4119 461 4167; x_wconf 82' lang='lat' dir='ltr'><strong>esee,</strong></span> <span class='ocrx_word' id='word_1_330' title='bbox 481 4116 565 4170; x_wconf 85' lang='lat' dir='ltr'><strong>penes</strong></span> <span class='ocrx_word' id='word_1_331' title='bbox 585 4098 660 4168; x_wconf 87' lang='lat' dir='ltr'><strong>ipsos</strong></span> <span class='ocrx_word' id='word_1_332' title='bbox 675 4098 744 4151; x_wconf 85' lang='lat' dir='ltr'><strong>lidos</strong></span> <span class='ocrx_word' id='word_1_333' title='bbox 761 4101 832 4156; x_wconf 84' lang='lat' dir='ltr'><strong>esto.</strong></span> <span class='ocrx_word' id='word_1_334' title='bbox 892 4160 896 4166; x_wconf 41' lang='grc'>,</span> 
     </span>
    </p>

    <p class='ocr_par' dir='ltr' id='par_1_8' title="bbox 108 4179 1148 4461">
     <span class='ocr_line' id='line_1_39' title="bbox 130 4179 1148 4259; baseline -0.011 -16"><span class='ocrx_word' id='word_1_335' title='bbox 130 4192 175 4245; x_wconf 73' lang='lat' dir='ltr'><strong>die</strong></span> <span class='ocrx_word' id='word_1_336' title='bbox 193 4193 312 4246; x_wconf 76' lang='lat' dir='ltr'><strong>excierit</strong></span> <span class='ocrx_word' id='word_1_337' title='bbox 329 4193 470 4247; x_wconf 80' lang='lat' dir='ltr'><strong>sententiis</strong></span> <span class='ocrx_word' id='word_1_338' title='bbox 488 4191 666 4255; x_wconf 82' lang='lat' dir='ltr'><strong>relieuorum)</strong></span> <span class='ocrx_word' id='word_1_339' title='bbox 685 4190 741 4243; x_wconf 78' lang='lat' dir='ltr'><strong>Eos</strong></span> <span class='ocrx_word' id='word_1_340' title='bbox 765 4187 832 4243; x_wconf 89' lang='lat' dir='ltr'><strong>Piso</strong></span> <span class='ocrx_word' id='word_1_341' title='bbox 850 4186 958 4259; x_wconf 76' lang='lat' dir='ltr'><strong>magis,</strong></span> <span class='ocrx_word' id='word_1_342' title='bbox 993 4190 1024 4238; x_wconf 89' lang='lat' dir='ltr'><strong>ut</strong></span> <span class='ocrx_word' id='word_1_343' title='bbox 1042 4179 1148 4252; x_wconf 82' lang='lat' dir='ltr'><strong>prulli-</strong></span> 
     </span>
     <span class='ocr_line' id='line_1_40' title="bbox 108 4273 1148 4355; baseline -0.014 -17"><span class='ocrx_word' id='word_1_344' title='bbox 108 4292 126 4333; x_wconf 74' lang='grc' dir='ltr'>Ι</span> <span class='ocrx_word' id='word_1_345' title='bbox 143 4282 326 4349; x_wconf 80' lang='lat' dir='ltr'><strong>discederent,</strong></span> <span class='ocrx_word' id='word_1_346' title='bbox 345 4284 475 4355; x_wconf 78' lang='lat' dir='ltr'><strong>rogauit,</strong></span> <span class='ocrx_word' id='word_1_347' title='bbox 494 4297 579 4352; x_wconf 83' lang='lat' dir='ltr'><strong>quern</strong></span> <span class='ocrx_word' id='word_1_348' title='bbox 599 4277 725 4335; x_wconf 82' lang='lat' dir='ltr'><strong>exclusit.</strong></span> <span class='ocrx_word' id='word_1_349' title='bbox 764 4282 864 4352; x_wconf 74' lang='lat' dir='ltr'><strong>ltaque</strong></span> <span class='ocrx_word' id='word_1_350' title='bbox 883 4280 920 4332; x_wconf 75' lang='lat' dir='ltr'><strong>ul)</strong></span> <span class='ocrx_word' id='word_1_351' title='bbox 932 4279 987 4330; x_wconf 85' lang='lat' dir='ltr'><strong>lroe</strong></span> <span class='ocrx_word' id='word_1_352' title='bbox 1005 4274 1065 4344; x_wconf 81' lang='lat' dir='ltr'><strong>ipso</strong></span> <span class='ocrx_word' id='word_1_353' title='bbox 1085 4273 1148 4324; x_wconf 87' lang='lat' dir='ltr'><strong>loeo</strong></span> 
     </span>
     <span class='ocr_line' id='line_1_41' title="bbox 108 4365 1148 4461; baseline -0.015 -30"><span class='ocrx_word' id='word_1_354' title='bbox 108 4386 126 4431; x_wconf 74' lang='lat' dir='ltr'><strong>u</strong></span> <span class='ocrx_word' id='word_1_355' title='bbox 150 4377 319 4434; x_wconf 79' lang='lat' dir='ltr'><strong>sententium</strong></span> <span class='ocrx_word' id='word_1_356' title='bbox 346 4393 363 4431; x_wconf 88' lang='lat' dir='ltr'><strong>s</strong></span> <span class='ocrx_word' id='word_1_357' title='bbox 390 4378 497 4431; x_wconf 81' lang='lat' dir='ltr'><strong>nuture</strong></span> <span class='ocrx_word' id='word_1_358' title='bbox 532 4369 621 4428; x_wconf 83' lang='lat' dir='ltr'><strong>initiis</strong></span> <span class='ocrx_word' id='word_1_359' title='bbox 647 4379 776 4461; x_wconf 70' lang='lat' dir='ltr'><strong>pepetore</strong></span> <span class='ocrx_word' id='word_1_360' title='bbox 800 4379 829 4427; x_wconf 90' lang='lat' dir='ltr'><strong>et</strong></span> <span class='ocrx_word' id='word_1_361' title='bbox 853 4371 1022 4424; x_wconf 87' lang='lat' dir='ltr'><strong>eontirmnre</strong></span> <span class='ocrx_word' id='word_1_362' title='bbox 1045 4365 1148 4434; x_wconf 80' lang='lat' dir='ltr'><strong>sdgre-</strong></span> 
     </span>
    </p>
   </div>
   <div class='ocr_carea' id='block_1_6' title="bbox 0 0 1358 5018">
    <p class='ocr_par' dir='ltr' id='par_1_9' title="bbox 0 0 1358 5018">
     <span class='ocr_line' id='line_1_42' title="bbox 0 0 1358 5018; baseline 0 0"><span class='ocrx_word' id='word_1_363' title='bbox 0 0 1358 5018; x_wconf 95' lang='lat' dir='ltr'><strong> </strong></span> 
     </span>
    </p>
   </div>
  </div>
 </body>
</html>
