2706 5018
130 354 194 416 482
486 346 547 413 DE
570 346 748 415 FlNlBUS
771 346 874 420 BON.

134 546 233 610 tosute
259 551 390 628 corpori
409 553 654 628 proponentem
704 548 808 606 ouimi
833 551 943 607 outess
983 542 1072 607 bosso
1097 564 1129 607 sss

133 674 224 729 esse,
257 671 392 737 quorum
419 656 545 715 semino
569 671 590 712 a
613 657 735 712 nutura
759 648 839 712 doto
858 657 969 714 esseut
991 651 1041 733 (c.
1064 652 1113 733 7).

133 779 195 843 osse
215 754 376 820 Zenonem
400 755 488 820 nihil
508 757 668 820 adtulisse
701 761 797 831 uoui,
842 760 911 818 oui·
935 760 1059 819 iuouio
1091 777 1129 841 qu

132 863 301 927 uerborum
327 863 519 926 discrimino
543 863 587 941 (c.
610 861 671 942 8),
704 859 820 945 quibus
841 865 876 922 iu
901 859 1027 941 urbem,
1052 868 1087 925 iu
1100 862 1129 939 f

133 977 168 1032 iu
196 975 320 1032 curiam
351 968 461 1032 aditus
494 988 559 1030 uou
589 972 634 1030 sit
642 990 652 1041 ,·
697 965 746 1029 ibi
782 971 870 1049 ipsos
901 964 1037 1031 Stoicos
1075 990 1129 1031 cos

134 1096 220 1138 more
244 1076 337 1159 loqui
358 1076 401 1151 (c.
423 1074 473 1155 9).
542 1075 614 1139 Ious
643 1071 757 1136 Cicero
774 1077 910 1155 propius
935 1073 984 1136 od
1005 1094 1066 1152 ea,
1107 1095 1129 1158 qt

138 1181 261 1243 Cotoue
286 1179 379 1241 dicto
402 1187 516 1256 eraut,
560 1178 721 1241 odcedere
746 1184 902 1256 conetur,
927 1179 1019 1257 illis,
1056 1201 1121 1265 quoe

134 1290 246 1348 munio
270 1282 394 1347 Stoicis
416 1293 492 1347 ssout
513 1304 583 1346 cum
608 1289 771 1367 outiquis,
817 1288 918 1367 qtsosi
940 1291 1101 1348 concessis
1121 1306 1129 1346 s

138 1387 299 1463 Quoniam
321 1394 426 1472 igitur
447 1387 533 1452 douo
561 1394 700 1472 primosus
729 1385 905 1452 iubeamus
935 1410 957 1452 α
989 1400 1129 1455 καίηται

133 1501 301 1572 titioueus,
339 1502 377 1557 ut
399 1498 609 1576 nosmetipsos
632 1513 875 1571 conseruemus,
923 1515 969 1558 eu
993 1502 1129 1560 auimoo

135 1609 169 1663 et
197 1620 332 1683 corpore
374 1606 574 1675 constemus,
621 1618 667 1662 eu
695 1597 746 1662 dis
784 1620 842 1663 uos
871 1610 1024 1685 oportere
1056 1609 1129 1678 oit„

133 1711 249 1770 summi
268 1705 348 1770 boui
367 1710 584 1783 constituere,
604 1713 643 1768 ut
662 1710 708 1768 sit
730 1725 850 1782 eorum,
871 1725 944 1791 quoe
965 1713 1034 1772 siut
1056 1727 1129 1773 secu

134 1822 298 1890 naturam,
323 1833 417 1896 quous
435 1813 588 1894 pluruma
601 1820 634 1874 et
644 1832 739 1894 quous
763 1832 917 1875 maxumo
939 1813 1084 1898 adipisci
1101 1815 1129 1893 (o

135 1916 265 1982 Stoicos
298 1916 339 1980 ub
369 1919 471 1982 isdem
506 1923 618 1982 initiis
651 1915 819 2002 profectos
856 1938 974 2002 corpus
1011 1928 1043 1983 et
1084 1938 1129 1982 eso

135 2023 300 2087 commodo
325 2023 519 2103 deseruisse,
543 2045 636 2110 quom
658 2032 768 2086 tomeu
791 2022 882 2087 homo
906 2030 952 2088 sit
976 2026 1129 2088 ouiusoio

134 2131 323 2208 excellens,
344 2149 409 2192 uou
430 2131 518 2192 sotus
540 2135 669 2194 ouimus
690 2131 734 2207 (c.
761 2131 830 2212 11).
868 2128 944 2194 Nec
961 2152 1129 2214 prorsuso

133 2241 208 2298 rori
228 2236 290 2298 illo
313 2244 472 2312 externo,
517 2244 555 2299 ut
578 2233 687 2300 Stoici
710 2236 843 2315 dicant,
889 2243 955 2300 etsi
983 2258 1049 2302 nou
1078 2259 1129 2322 ssu

134 2349 324 2403 momentum
335 2340 496 2418 jociout,
525 2351 575 2420 et,
618 2348 751 2405 etiamsi
772 2341 1004 2424 obscurentur,
1028 2353 1129 2408 esset

133 2452 168 2508 iu
192 2467 315 2510 summo
344 2446 392 2529 (c.
425 2450 492 2529 12).
564 2445 653 2511 Nous
680 2469 832 2512 summoto
863 2450 1009 2536 utiquam
1029 2450 1129 2529 societ

134 2572 204 2615 esse
233 2558 394 2630 omnium,
437 2572 510 2636 quse
533 2553 709 2617 secuudum
741 2564 893 2619 naturum
915 2562 994 2621 siut.
1062 2559 1129 2623 Pro

134 2662 272 2721 otuuiuus
306 2667 498 2722 uoturoruss
528 2680 682 2724 suusmuus
712 2659 828 2724 bouum
856 2665 964 2727 simite
995 2684 1065 2728 esse
1097 2663 1129 2729 ds

135 2765 178 2828 Iu
203 2770 323 2829 ceteris
342 2774 455 2828 autem
479 2765 678 2830 animalibus
698 2767 753 2846 id,
785 2768 873 2852 quod
892 2778 1073 2834 eutreusuus
1095 2774 1129 2840 sit

133 2880 203 2934 toto
226 2892 334 2934 eoruus
359 2877 592 2936 constitutione
616 2871 722 2951 celici.
790 2872 884 2937 Ideus
912 2880 1020 2959 igitur
1043 2874 1129 2941 suu

131 2974 209 3042 deri
233 2976 360 3041 debere.
414 2970 532 3060 'toque
556 2974 701 3057 Stoicis,
744 2984 776 3042 si
799 3000 947 3043 coussoss
966 3003 1059 3047 suono
1082 2980 1129 3047 ou

133 3084 255 3161 uelint,
281 3083 452 3147 dicendum
475 3104 563 3161 esse,
612 3103 677 3148 nou
701 3105 793 3149 ossus
815 3089 943 3151 ouiusot
958 3094 1097 3172 priususs
1116 3108 1129 3151 s

132 3199 198 3252 tum
223 3189 365 3274 diligere
388 3197 420 3253 et
444 3209 642 3255 conseruare
670 3195 775 3273 uelle,
819 3193 878 3257 sed
899 3194 937 3258 id
954 3201 1099 3273 tautum,

132 3300 167 3356 iu
189 3314 316 3379 quoque
342 3303 504 3379 optumum
538 3301 602 3374 sit,
646 3300 734 3384 quod
753 3298 842 3377 fieri
870 3320 936 3363 nou
964 3324 1062 3385 posse
1090 3302 1129 3380 (o.

133 3396 303 3463 Homiueus
340 3403 438 3465 talem
475 3408 646 3486 sopieutioe
674 3404 912 3488 pefioieudun
945 3429 1027 3485 esse,
1049 3404 1129 3492 quat«

132 3511 253 3567 statura
275 3514 461 3590 occeperit3
487 3516 657 3594 occepisse
681 3521 789 3575 outeus
813 3533 883 3576 eun
903 3520 1027 3591 totum,
1050 3531 1129 3577 eus

132 3614 164 3670 et
188 3628 346 3692 corpore3
393 3623 543 3679 neutrum
566 3617 803 3701 neglegendum
828 3638 910 3683 esse·
976 3617 1129 3697 Persssti

20 3718 25 3727 '
129 3713 268 3779 iouiuis
290 3735 442 3782 maxume
463 3720 601 3785 laudari
619 3727 655 3784 iu
680 3728 735 3799 eo,
750 3723 838 3808 quod
855 3729 892 3789 ios
914 3722 1047 3791 ioniae
1066 3730 1129 3809 opis

129 3825 191 3900 sit,
212 3819 251 3884 id
273 3829 340 3900 est,
358 3828 394 3886 iu
417 3830 559 3906 uirtute,
580 3825 640 3891 sed
656 3832 789 3911 priora,
834 3850 856 3892 u
877 3830 996 3915 quibus
1016 3830 1064 3895 ad
1078 3827 1129 3895 ket

129 3931 238 4004 uerit,
267 3926 378 3993 deseri
396 3950 461 3993 nou
480 3942 631 4015 oportere
637 3958 650 4014 3
699 3930 847 4014 Stoicos,
891 3957 986 4023 quous
1008 3937 1056 4000 od
1074 3955 1129 4000 sus

128 4027 244 4094 bonum
261 4040 439 4117 peruenire
470 4038 595 4119 uetuit,
634 4041 801 4111 naturalis
827 4041 1044 4128 adpetitionis
1073 4039 1129 4107 stt

127 4139 175 4221 (c.
195 4139 263 4220 14).
316 4137 447 4221 Uirtus,
477 4151 602 4210 tautum
627 4145 759 4226 obesse,
788 4156 828 4213 ut
845 4153 1005 4215 constitui
1023 4166 1129 4233 που

125 4247 158 4306 si
172 4247 344 4330 quicquan
363 4254 464 4310 extro
485 4269 556 4315 eous
578 4250 625 4315 ud
646 4251 740 4319 boote
769 4253 944 4329 uiuendum
964 4258 1129 4340 perissent

126 4350 297 4416 introduci
316 4357 445 4418 omniuo
467 4374 532 4421 sos
553 4366 660 4442 possit
681 4366 799 4442 uirtus,
815 4367 886 4427 nisi
904 4367 1027 4444 ossus.
1045 4357 1129 4448 qut
