2706 5018
128 338 278 409 XLVlll
559 338 816 407 PRAEFATlO.

127 535 368 603 emendationis
400 537 634 624 inuestigatio,
666 550 702 601 ut
725 537 757 601 id
780 538 982 624 reperiatur,
1004 540 1090 625 quod
1116 545 1220 606 omni·

128 644 191 709 bus
224 644 372 708 codicum
402 644 532 708 indiciis
562 657 595 707 et
624 646 796 709 sententiae
824 657 858 710 et
889 647 1030 711 orationi
1052 649 1099 712 ita
1121 648 1221 713 simol

129 752 330 828 satisfaciat,
378 764 414 814 nt
443 749 526 814 nilril
552 749 641 814 aliod
664 753 704 814 iis
729 752 927 838 respondere
951 753 1118 840 adpareat.
1185 753 1220 817 ln

129 879 193 943 qno
221 872 258 923 nt
288 871 339 922 est
369 858 512 922 felicitas
548 859 696 943 qondam
727 871 760 921 et
784 879 891 943 sagax
916 861 1018 922 enimi
1050 872 1161 924 motus
1187 862 1220 923 in

128 968 170 1028 iis
191 965 344 1029 celeriter
367 964 618 1050 excogitandis,
669 985 740 1050 quar
768 967 939 1051 scriptoris
963 966 1084 1029 animo
1101 967 1222 1031 offerre

127 1092 201 1136 sese
225 1071 409 1158 potuerint,
453 1092 550 1156 quom
582 1071 696 1135 eodem
728 1074 886 1158 temporis
909 1084 1075 1138 momento
1100 1094 1147 1135 ex
1171 1070 1218 1136 al·

128 1194 200 1246 tera
220 1190 311 1267 parte
334 1191 498 1255 occtrrrat,
528 1198 633 1262 equa
654 1199 734 1241 uera
757 1178 866 1242 lorum
890 1179 978 1260 haec,
1019 1200 1091 1265 quaa
1113 1180 1218 1243 fracta

130 1310 214 1352 nnnc
236 1296 357 1362 restet,
381 1295 458 1347 nata
478 1285 539 1361 sit,
557 1285 605 1346 its
624 1284 794 1369 prudentis
813 1298 883 1364 ast,
918 1287 1024 1366 scira,
1047 1306 1217 1371 quousque

128 1394 283 1482 progredi
304 1391 420 1478 possit'.
486 1389 571 1456 Nem
591 1389 660 1454 alin
689 1388 816 1454 uidebit
845 1411 979 1471 prorsus
1006 1413 1027 1455 a
1050 1412 1087 1456 se
1109 1391 1219 1454 sanari

129 1522 246 1587 posse,
268 1498 336 1563 alia
358 1499 424 1574 ita,
449 1508 485 1559 nt
505 1499 673 1561 sententis
698 1509 732 1560 et
755 1500 910 1561 uniuersa
934 1498 1093 1560 orationis
1113 1497 1219 1561 t'orroa

130 1607 383 1684 demonstretur,
404 1602 470 1667 elia
487 1601 704 1690 relinquenda
728 1623 813 1666 esse.
851 1601 925 1666 lloc
945 1605 1043 1667 modo
1068 1606 1124 1689 qni
1147 1625 1223 1668 con·

131 1715 289 1778 iacturam
315 1708 557 1788 moderabitur,
601 1713 630 1774 is
654 1707 843 1775 emendabit
874 1722 1024 1774 ueterum
1047 1712 1172 1795 scripta
1192 1724 1224 1774 et

60 1877 66 1881 .
131 1818 353 1885 ernendationi
373 1838 443 1881 sure
467 1814 626 1893 confidam
644 1818 686 1883 de
712 1817 871 1881 modestia
894 1829 1003 1880 autem
1026 1819 1222 1881 coniecturae

132 1940 189 1993 aut
212 1925 410 2013 temptandas
440 1937 497 1987 aut
524 1925 559 1987 in
587 1937 685 1988 texta
713 1923 874 2009 ponendae
896 1925 942 1987 ita
970 1923 1150 2004 iudicabit,
1188 1926 1224 1989 in

131 2045 202 2096 arte
225 2030 380 2116 quidquid
404 2028 580 2115 prudenter
605 2027 686 2107 liat,
733 2031 814 2093 satis
840 2027 986 2093 modeste
1010 2028 1096 2094 ficri.
1143 2029 1224 2094 llaec

132 2138 207 2202 ideo
226 2135 340 2223 psollo
362 2134 511 2221 pluribus
534 2132 645 2200 uerbis
681 2135 722 2201 de
746 2138 935 2201 coniectura
959 2139 1118 2222 exposui,
1161 2140 1227 2224 pri·

131 2261 222 2308 mom
241 2241 328 2327 qood
350 2241 413 2306 hoc
435 2256 594 2328 tempore,
616 2264 714 2329 quom
739 2243 890 2307 homines
914 2243 1046 2307 toediurn
1061 2243 1225 2328 quoddam

126 2351 273 2432 -oepisset
295 2348 464 2413 inutilium
483 2363 517 2414 et
546 2349 671 2415 leuium
701 2352 963 2414 coniecturarum
994 2371 1159 2435 qoornque
1181 2351 1226 2413 ri·

132 2455 201 2521 mul
223 2467 388 2541 protracte
412 2469 523 2529 essent
548 2478 566 2519 a
595 2454 741 2520 tenebris
772 2458 1055 2541 praestantissuma
1076 2456 1226 2520 codicunr

132 2565 429 2647 manuscriptorum
452 2563 610 2647 ,praesidia
639 2561 725 2644 (sine
756 2560 875 2648 quibos
901 2564 1089 2626 coniectura
1110 2561 1227 2625 lunda·

131 2681 243 2732 mento
265 2674 391 2748 caret),
436 2682 514 2732 nata
536 2680 568 2731 st
590 2669 781 2753 superstitio
807 2668 954 2753 quasdam
981 2670 1027 2731 ita
1050 2688 1086 2731 se
1106 2668 1228 2732 codici-

132 2772 194 2839 bus
218 2773 395 2853 addicens,
439 2787 477 2838 ut
500 2772 746 2852 absurdissoma
769 2796 906 2861 qureqoe
934 2787 1048 2838 contra
1071 2776 1227 2838 certissu-

133 2902 218 2945 mam
238 2882 507 2947 emendationem·
524 2880 696 2958 defendat,
716 2883 962 2968 interpretetur,
982 2893 1112 2945 enarret
1136 2891 1170 2943 et
1191 2881 1225 2943 in

133 3009 173 3051 eo
191 3011 264 3052 cum
287 3010 408 3074 magna
431 3010 468 3052 se
489 2987 689 3076 gloriatione
719 2990 838 3063 iactet;
860 2986 943 3050 nihil
967 2990 1055 3051 anim
1077 3008 1142 3049 noo
1166 3008 1226 3050 ex·

133 3093 263 3177 pediat,
311 3098 364 3157 cui
384 3096 440 3176 (ne
465 3095 505 3158 de
528 3097 766 3159 sententiarum
798 3105 831 3157 et
860 3114 970 3157 rernm
992 3095 1084 3156 uitiis
1105 3093 1225 3176 dicam)

134 3199 167 3261 in
202 3201 351 3263 oratione
383 3200 500 3263 durum
540 3221 604 3264 non
636 3202 680 3263 sit
711 3204 784 3286 (pro
822 3198 907 3264 Ceo.
936 3200 991 3283 tm)
1031 3200 1226 3264 decemuiris

134 3305 308 3390 relegionis
328 3310 474 3386 t'rtt'ccre,
517 3317 553 3368 ut
581 3305 734 3368 audiatur
763 3305 903 3392 aliquid,
934 3319 992 3370 aut
1016 3307 1069 3371 oui
1097 3305 1140 3370 ad
1170 3308 1226 3370 de·

133 3409 330 3479 laedendum
355 3411 585 3478 soloecismum
609 3412 769 3479 mirabilis
795 3412 865 3478 haec
893 3411 1035 3477 sufficiat
1067 3415 1226 3478 orationis

131 3517 300 3591 ¹distinctio
324 3516 442 3597 (Tusa.
465 3518 516 3599 V,
540 3519 633 3601 121):
677 3518 722 3584 Ia
746 3540 808 3606 pue
833 3529 989 3605 quantuor
1012 3525 1129 3583 ceteris
1148 3541 1226 3604 pro·

123 3622 243 3700 sutura·
264 3646 397 3691 sumar:
441 3623 532 3691 dead
543 3623 660 3705 facile
688 3625 853 3704 (luerim,
890 3625 1078 3712 similiaque
1095 3625 1226 3691 infinita

133 3730 340 3816 placeant.'¹)

132 3903 361 3919 *—

156 4026 190 4094 1)
201 4024 308 4078 Marito
328 4023 507 4079 coniectores
519 4022 652 4087 oderunt,
663 4021 713 4096 qni
733 4021 789 4094 ipsi
807 4019 963 4085 declarant,
979 4022 1091 4077 nescire
1104 4038 1144 4086 so,
1155 4021 1226 4094 quid

204 4115 317 4170 differat
336 4117 412 4170 inter
426 4123 560 4189 portenta
579 4114 718 4169 orationis
737 4121 767 4167 et
782 4114 933 4167 sententiae
959 4133 974 4167 a
994 4113 1154 4187 perspicuis
1182 4130 1226 4167 co-

205 4207 300 4264 dicum
318 4207 451 4279 nestigiis
470 4206 646 4261 discedentia
663 4213 692 4261 ot
711 4207 910 4261 coniecturam*
921 4207 969 4260 uia
988 4226 1021 4261 sc
1037 4207 1151 4260 ratione
1163 4224 1227 4278 pro·

205 4302 363 4365 cedentem,
381 4299 464 4354 cuius
482 4300 523 4354 rei
542 4298 701 4373 exemplum
719 4299 903 4368 manifestum
911 4318 1024 4373 ponera.
1052 4298 1110 4353 Pro
1129 4297 1226 4370 despe-

206 4404 267 4466 rato
292 4393 409 4451 habitus
435 4398 479 4448 est
496 4392 576 4448 locus
596 4393 736 4450 orationis
753 4411 807 4466 pro
827 4392 940 4449 Caecius
959 4398 976 4462 5
994 4398 1036 4448 to.
1094 4391 1123 4446 ls
1145 4390 1226 4446 locus
