2706 5018
129 337 194 401 2811
310 382 314 389 ·
479 332 541 400 DE
562 327 741 400 FlNlBUS
761 328 867 400 BON.

131 531 233 595 temni
256 548 322 592 non
344 528 485 613 potoris3
515 529 626 593 odium
647 539 758 594 autem
779 540 813 593 et
836 526 995 593 inuidiam
1017 525 1116 593 facile
1131 530 1200 594 aito·

130 764 269 831 quatenus
286 756 443 828 pertineat,
480 774 544 811 mox
565 755 740 821 uidebimus3
772 755 807 810 ad
826 756 905 811 bane
920 762 998 813 eerte
1016 774 1071 812 eoa
1089 756 1195 829 pertinet,

130 851 159 905 ia
178 868 233 922 qrro
252 848 408 902 necessario
429 849 498 901 selis
516 866 580 902 euru
599 866 669 902 unee
685 848 803 918 proesr‘di
819 849 962 903 conflatur
980 856 1010 905 ot
1025 856 1136 921 propter
1149 867 1193 903 ra·
1230 834 1233 841 ⁵

129 943 250 998 tentiam
267 939 413 1011 (quaritur
430 941 516 1007 enirn,
533 939 636 994 ratione
655 957 791 1011 magnam
811 942 973 1011 preridium
989 941 1042 1009 stt)
1061 947 1089 995 et
1105 948 1193 1013 propter

129 1036 284 1091 uerborum
303 1031 431 1086 ordinem
455 1031 601 1103 ipsamque
619 1033 797 1102 anaphoram
818 1040 847 1086 et
864 1040 983 1105 propter
1001 1030 1081 1087 uerbi
1096 1028 1192 1087 adirrrti

128 1145 237 1199 pennu
262 1142 328 1179 nara
347 1125 382 1178 ad
401 1124 509 1177 nudum
527 1125 647 1177 uerbum
665 1122 891 1190 rubetautioom,
907 1125 1004 1179 addito
1022 1124 1105 1180 etiarn
1120 1123 1191 1179 tun

129 1221 197 1286 tibi,
233 1217 396 1273 adiunctum
423 1216 494 1269 retis
511 1214 672 1269 necessario
690 1217 766 1269 bane
791 1215 901 1270 reficiet
924 1217 1093 1271 reatentisru
1110 1216 1192 1271 oblite

129 1312 193 1367 loeo
212 1306 446 1364 alienioruruesar
465 1306 624 1378 presidium
644 1306 696 1361 tibi
714 1308 840 1374 suffieit,
858 1309 930 1362 altit
943 1316 1049 1379 prater
1062 1308 1191 1378 presidis!

129 1401 268 1471 requirir,
305 1417 360 1452 noo
380 1399 470 1452 hanes
507 1399 613 1452 nullum
637 1400 716 1452 eliud
731 1399 902 1468 presidium.
956 1403 1058 1472 ltaque
1077 1418 1109 1456 eo
1124 1399 1191 1455 airrt

130 1492 259 1549 dubitaui
275 1491 392 1560 presidi
408 1490 575 1554 restituere,
603 1492 678 1560 quod
699 1490 785 1547 etiam
802 1491 832 1545 ia
851 1493 933 1547 bouis
952 1492 1110 1555 codicibus,
1129 1506 1190 1562 esen

130 1587 190 1640 hae
211 1582 331 1655 genitiui
359 1583 452 1636 torma
478 1582 661 1653 ignoraretur
687 1589 715 1636 et
735 1584 849 1654 syllaba
868 1583 933 1637 uoei
950 1585 1047 1639 deesse
1065 1588 1192 1655 putaretur,

130 1695 186 1732 non
208 1694 274 1731 raro
293 1673 420 1729 additum
438 1681 463 1729 st
480 1693 544 1737 nor,
581 1679 614 1728 ul
633 1675 732 1746 paallo
754 1685 821 1731 ante
840 1678 853 1745 5
873 1676 910 1731 69
927 1677 1008 1731 aliud
1024 1672 1192 1745 negotirn'·

61 1791 64 1795 ·
129 1769 171 1823 att
189 1786 240 1838 pro
258 1768 355 1836 negoti
380 1765 517 1837 seriptum
544 1775 605 1821 erat
631 1774 659 1823 et
678 1768 707 1822 in
727 1770 810 1822 Uarr.
839 1768 894 1830 ll',
930 1767 968 1823 89
989 1766 1193 1838 operaremus

130 1879 192 1933 rep.
211 1862 276 1914 Par.
295 1861 385 1913 habet
402 1859 563 1928 presidium
579 1861 659 1917 nilsil.
715 1861 797 1931 Quod
823 1860 858 1913 de
884 1859 949 1914 aliis
969 1859 1039 1915 locir
1055 1854 1194 1932 signiter&

129 1952 253 2026 primurn
270 1952 503 2022 reprehendenda
516 1952 771 2022 grammaticorum
789 1952 886 2021 (uelut
897 1952 1073 2007 llamrlrorai
1090 1944 1195 2006 etlilrtri

130 2050 166 2103 ad
185 2048 252 2101 bal.
272 2046 321 2112 t5)
339 2043 441 2114 supina
458 2044 658 2114 neglegentia,
693 2043 741 2115 qui
760 2043 876 2097 Liuium
900 2044 956 2111 l'l,
975 2044 1027 2099 182
1049 2044 1122 2099 uotis
1135 2038 1195 2095 esti·
1216 2088 1233 2139 3

129 2139 198 2192 linos
209 2137 279 2189 setis
299 2142 342 2188 est
359 2154 411 2208 pro
429 2134 805 2206 auxiliseriprirronarraat,
823 2134 902 2206 qnasi
921 2134 962 2190 ibi
974 2136 1102 2191 tribunus
1117 2146 1195 2205 porse
1214 2146 1233 2187 4

129 2236 187 2294 tar,
206 2236 264 2282 tam
283 2227 364 2298 parui
382 2227 471 2282 animi
486 2245 546 2282 esse
557 2228 695 2300 plebeios,
713 2234 745 2282 ut
762 2227 831 2282 ratir
847 2228 1072 2284 aurilibabeaut
1088 2228 1196 2281 alam
1217 2278 1221 2283 .

129 2321 274 2392 patricios,
293 2338 367 2374 nouo
386 2326 415 2374 et
432 2320 559 2375 inaudito
579 2319 661 2390 parui
679 2319 768 2374 animi
783 2321 903 2375 relecta.
957 2320 1136 2391 Indignatur,
1155 2330 1197 2381 ort,
1221 2316 1233 2353 '²-

128 2414 155 2468 si
172 2411 311 2467 auxilium
328 2413 471 2478 habeant,
489 2419 634 2468 contentos
649 2429 724 2476 esse,
742 2419 888 2485 tamquam
905 2410 1057 2467 inferiorer
1074 2420 1101 2467 rt
1116 2410 1147 2465 sl
1159 2420 1197 2479 pe
1229 2438 1233 2461 ι

129 2505 249 2558 rendum
267 2512 366 2567 natos,
404 2504 476 2557 nibil
495 2512 631 2575 preterea
657 2503 812 2575 requirere.
847 2506 1002 2559 blouaerat
1019 2505 1078 2559 iero
1094 2502 1197 2558 ardn-

129 2595 273 2650 borehitrs.
314 2597 390 2650 illud
409 2596 512 2650 merito
531 2597 707 2666 supertluuru
726 2597 813 2663 dirae,
830 2598 905 2667 quod
924 2597 1087 2652 Groaoaias
1103 2596 1197 2651 etlin-

128 2688 321 2744 lienborebiar
340 2689 390 2756 (ad
411 2690 458 2753 lV,
475 2688 527 2753 30,
545 2689 594 2757 15)
613 2690 743 2768 ereropla
761 2688 930 2759 conligendo
951 2694 1095 2767 putarunt,
1110 2684 1153 2742 abi
1165 2682 1197 2737 ll·
1226 2684 1233 2777 4²

129 2789 260 2846 erretur,
294 2797 355 2834 rem
373 2779 499 2850 aliquam
525 2779 593 2833 satis
618 2796 696 2841 erre,
731 2777 761 2834 id
783 2787 840 2845 eet,
878 2781 1022 2836 rutfleere.
1059 2782 1090 2836 la
1107 2770 1196 2834 cond

129 2872 216 2927 etiarn
236 2873 337 2942 Epam.
353 2890 376 2925 e.
394 2873 412 2924 d
429 2873 502 2942 quod
521 2871 657 2941 scriptum
675 2877 718 2925 ets
754 2872 927 2925 abstinentia
954 2874 1007 2926 erit
1024 2874 1076 2927 lsoe
1092 2872 1154 2926 rotie
1165 2874 1196 2921 ts·

129 2965 303 3031 aimonium,
341 2971 418 3018 recte
439 2964 479 3017 sie
504 2963 562 3017 iam
587 2963 838 3018 Drakenborelrius
862 2963 1003 3020 intellexit
1022 2966 1085 3031 (loe
1100 2960 1196 3017 tertiat·

128 3056 203 3110 nium
223 3057 293 3109 sotis
311 3056 388 3123 erit).
443 3055 632 3109 Relineuntur
648 3055 756 3126 igitur,
793 3058 828 3109 de
849 3056 950 3126 quibua
972 3056 1131 3119 dubitetur,
1155 3049 1197 3104 11

129 3147 195 3215 lori,
215 3150 290 3204 alter
311 3146 455 3201 ciceronio
474 3145 502 3198 in
522 3164 565 3216 ep.
586 3146 621 3199 ad
633 3149 691 3202 tte
707 3149 773 3210 titt,
792 3147 843 3202 152
862 3148 889 3199 ri
906 3148 978 3201 satir
994 3148 1133 3201 coneilio·
1145 3156 1195 3219 pfl·

129 3243 193 3296 dara
213 3243 248 3294 de
265 3257 296 3295 re
315 3239 452 3301 balmen,
471 3239 506 3291 tle
527 3256 582 3309 quo
602 3239 732 3309 equidem
752 3258 807 3294 noa
827 3239 911 3294 nimis
929 3241 1059 3307 conlidop
1079 3256 1140 3295 aera
1153 3234 1196 3305 111

127 3334 283 3388 uerborum
302 3331 410 3401 peritus
424 3337 583 3400 repugnet,
618 3347 671 3383 nee.
688 3346 756 3383 rane
774 3338 840 3401 apta
866 3331 922 3386 rliri
942 3331 1057 3387 uidetur
1080 3328 1194 3385 coasilio!

128 3421 224 3488 liabeo,
243 3427 274 3475 at
293 3422 417 3475 addatur
434 3423 514 3488 sotis,
528 3439 638 3491 pornnr,
656 3421 765 3476 similia
780 3440 789 3488 3
807 3425 881 3478 alter
899 3423 1049 3494 seriptoris
1065 3425 1195 3479 suanir

127 3512 208 3566 nium
228 3510 256 3566 in
277 3511 337 3582 ipro
363 3509 464 3565 initior
499 3513 547 3564 uir
564 3514 635 3565 rotie
656 3515 741 3567 otiura
760 3516 853 3568 eladio
871 3517 1053 3584 suppeditare
1066 3524 1196 3587 possm

87 3590 94 3605 ’
128 3605 177 3658 ubi
199 3603 246 3673 qui
264 3605 347 3657 otium
371 3604 514 3670 omittunt,
531 3606 673 3660 debebant
691 3604 794 3671 dicere,
813 3607 862 3660 ubi
880 3607 1017 3678 seriptum
1036 3604 1213 3681 reppertos-tl

127 3695 163 3749 do
181 3696 311 3751 lsominar
331 3698 476 3765 suppedito
493 3698 542 3751 rei.
579 3698 636 3753 Sed
657 3706 778 3770 utroque
789 3700 852 3754 loeo
871 3700 972 3752 oonsili
981 3707 1011 3756 et
1030 3702 1072 3754 oli
1087 3702 1145 3765 illo,
1157 3706 1199 3768 q!

127 3788 195 3855 diri,
214 3789 298 3843 motio
315 3789 458 3860 eorrumpi
479 3790 581 3861 potuit.
630 3792 672 3844 lle
689 3791 778 3863 Legg.
799 3794 830 3857 Ι,
862 3790 899 3844 8⁰
920 3793 1034 3847 tratura
1053 3786 1201 3848 mattrstt

128 3879 253 3934 habente
275 3881 348 3955 quod
365 3891 557 3950 ergrrmenlnrn
575 3883 646 3935 ratio
664 3889 723 3947 ert,
743 3881 875 3937 meliores
893 3886 923 3937 ot
942 3886 1039 3954 plures
1056 3876 1216 3957 organali

126 3975 158 4023 la
178 3972 360 4041 Digestorum
380 3975 445 4027 libr.
466 3976 524 4037 xa,
544 3976 579 4040 5,
597 3975 632 4029 15
650 3975 789 4045 (Ulpian.)
808 3974 949 4031 sententie
966 3976 1086 4047 respuit,
1103 3972 1207 4047 quolh
1229 4014 1233 4023 .

127 4062 187 4115 eod.
198 4064 363 4119 Florentino
385 4073 426 4127 etr
446 4068 516 4119 satir
531 4068 660 4121 iniuriam
674 4069 748 4133 foe-it
764 4067 897 4132 libertati,
915 4068 944 4122 ia
964 4069 1040 4123 libro
1058 4070 1209 4133 Xffl'lil,

125 4153 153 4219 1,
168 4154 319 4224 tomaene
338 4165 369 4211 ut
382 4160 452 4211 satis
465 4160 615 4227 tempnrod
632 4159 1052 4233 qrroertrrmfacienduralssbeal,
1070 4160 1212 4217 tutoni!

125 4244 181 4299 hae
198 4249 352 4302 uerborum
373 4251 569 4304 coniunctione
588 4251 716 4305 otlendit.
752 4250 931 4320 conparant,
963 4252 1040 4324 quod
1059 4256 1137 4325 apud
1154 4254 1215 4311 Sai-

127 4336 243 4391 lustinus
270 4347 297 4394 st
314 4344 388 4411 (lug.
414 4341 494 4410 1⁰²)=
517 4343 645 4410 parentis
663 4342 771 4397 oderade
795 4342 926 4396 tarenos
943 4344 1006 4409 (eui
1021 4344 1119 4400 simile
1141 4354 1168 4403 rt
1189 4346 1218 4401 is
