2706 5018
530 370 781 437 t‘ttAEmt'tto.
1115 382 1210 449 nvn

133 554 183 618 tulit
200 558 231 619 ad
252 555 317 618 lros
344 552 461 617 libros
485 556 609 617 inteuto
634 558 744 618 animo
769 560 1014 639 retractandos,
1053 578 1088 626 ut
1126 566 1208 630 nibil

132 660 179 725 iere
194 661 419 748 relinqueret,
445 660 572 745 dequo
595 682 658 724 non
682 669 877 729 sententium
900 680 993 730 trente
1014 683 1046 731 et
1070 672 1210 755 pruden-

132 784 165 831 ter
180 769 312 847 diceret,
367 781 569 851 argumenta
602 769 729 832 erudite
755 784 787 835 et
818 776 959 837 scienter
989 780 1208 861 conquireret,

131 877 342 958 raqneomnia
376 876 524 950 sensim,
569 894 642 938 tneo
666 897 765 959 opere
796 881 1009 963 procedente,
1057 883 1137 945 milri
1160 887 1208 949 sic

131 982 252 1059 tradidit,
272 996 337 1058 ut,
389 979 554 1065 quomodo
581 979 722 1059 uellem,
771 997 891 1049 uterer.
936 986 988 1050 Ac
1010 1010 1206 1074 quamquam

130 1102 187 1151 uota
207 1088 288 1151 milri
313 1100 392 1151 erat
414 1089 511 1151 amici
534 1088 689 1151 adcurate
713 1090 860 1155 doctrina
883 1106 916 1155 ct
939 1104 1063 1156 rectum
1086 1095 1126 1157 de
1151 1118 1208 1159 no·

129 1208 180 1257 stra
200 1209 268 1257 arte
292 1196 472 1271 iudicium,
494 1195 672 1257 admiratus
698 1210 805 1261 tamen
830 1220 923 1278 suun,
946 1221 1151 1287 quamsaepe
1174 1205 1206 1265 in

128 1314 177 1363 tam
197 1303 328 1385 exigno
365 1302 547 1381 praesertim
573 1302 731 1385 adparatu
757 1304 846 1385 (num
871 1328 911 1368 ne
936 1304 1113 1369 Gruterum
1138 1311 1208 1391 qui-

127 1406 182 1468 dem
199 1406 358 1483 habebut,
384 1406 490 1469 multo
507 1408 613 1469 minus
638 1405 853 1474 Cratandrum
868 1424 925 1475 aut
946 1410 1138 1496 blorelium)
1151 1430 1207 1475 aut

127 1534 222 1575 uerum
247 1516 357 1598 ipsum
384 1512 587 1577 felicissume
608 1517 788 1579 inuenisset
807 1528 863 1579 ant
886 1529 1006 1579 rectam
1029 1520 1116 1581 uiam
1135 1522 1206 1581 eius

128 1622 302 1683 inueniendi
324 1623 519 1699 institisset,
541 1643 712 1707 meamque
731 1624 927 1685 sententiam
948 1644 1107 1686 consensu
1131 1648 1206 1688 con·

128 1724 278 1805 linuaret,
302 1727 466 1791 interdum
492 1728 653 1791 etiamad
679 1750 718 1791 ea
740 1729 961 1805 adtendisset,
987 1750 1058 1813 quae
1080 1752 1130 1792 me
1155 1732 1206 1794 lu·

128 1836 251 1915 gissrnt.
296 1832 407 1917 Atque
433 1832 520 1911 laec,
542 1837 575 1896 in
597 1834 716 1920 quibus
743 1849 820 1899 sunt
847 1838 957 1911 etiam,
982 1856 1052 1919 qum
1076 1857 1140 1898 non
1166 1838 1204 1899 ad

129 1938 178 2003 bos
201 1939 292 2004 solos
313 1938 418 2003 libros
441 1943 636 2023 pertineant,
661 1955 697 2003 ut
719 1964 778 2027 par
802 1954 884 2020 erat,
904 1944 1068 2003 inuentori
1090 1941 1208 2015 tribui;

131 2046 175 2109 ubi
189 2049 220 2109 in
243 2047 372 2125 eadem,
395 2060 493 2131 atque
516 2069 591 2133 ego,
609 2048 779 2127 inciderat,
797 2061 921 2112 tantmu
944 2048 997 2111 lric
1014 2047 1084 2111 illic
1102 2053 1133 2110 in
1158 2071 1207 2111 re·

129 2150 179 2214 bus
200 2150 438 2236 insignioribus
453 2166 487 2214 et
510 2151 769 2218 confirmationis
792 2177 908 2218 caussa
933 2167 962 2217 et
987 2155 1071 2239 quod
1095 2157 1207 2218 iucun-

128 2258 192 2321 duat
216 2272 297 2336 erat,
323 2279 440 2321 nomen
464 2262 535 2321 eius
555 2263 712 2345 ascripsi,
734 2283 852 2346 neque,
874 2264 902 2324 si
925 2263 1054 2346 quando
1074 2262 1206 2349 aliquod

128 2365 311 2451 exemplum
332 2384 376 2427 ex
397 2366 469 2427 eius
491 2368 593 2445 copiis
617 2368 753 2430 adiunxi
779 2371 876 2447 rueis,
923 2369 1008 2453 «priori
1040 2390 1104 2431 uon
1135 2392 1207 2433 raro

128 2472 239 2536 laetum
263 2488 306 2550 st,
323 2473 455 2545 utonni3
478 2492 582 2555 neque
605 2475 693 2536 enim
715 2473 775 2536 illa
797 2472 871 2559 lege
894 2476 1048 2537 uiuimus.
1097 2474 1207 2559 Atque

127 2580 215 2642 etiarn
241 2578 298 2642 ubi
326 2602 346 2643 a
371 2600 422 2641 me
445 2578 655 2657 discedebat,
680 2601 835 2645 maxume
859 2582 943 2665 quod
969 2582 1115 2646 codicum
1141 2603 1208 2643 me·

128 2682 236 2750 liornm
261 2688 451 2750 testimonia
473 2708 537 2749 non
564 2698 675 2763 norat,
719 2708 874 2771 perquam
903 2710 989 2773 srepe
1023 2685 1104 2749 utile
1129 2687 1208 2749 milri

127 2792 181 2854 luit
210 2792 342 2869 uidere,
387 2792 466 2878 quid
496 2792 647 2874 prudenti
681 2791 806 2855 bomini
839 2796 871 2856 iu
896 2807 1036 2856 ruentem
1071 2796 1209 2855 ueniret.

127 2896 186 2961 Sed
215 2898 299 2963 milri
328 2901 363 2962 in
393 2910 462 2962 tota
495 2897 556 2962 hac
582 2918 617 2960 re
649 2900 710 2961 etsi
731 2912 840 2962 cetera
863 2901 998 2984 egregie
1024 2895 1209 2978 placebant,

128 3018 227 3069 tamen
252 3002 337 3068 illud
360 3002 462 3089 longe
485 3006 717 3090 gratissumum
742 3006 817 3081 fuit,
839 3004 945 3089 qnod,
976 3026 1040 3090 quo
1065 3014 1210 3088 tempore

128 3130 193 3173 curn
214 3113 433 3196 peruersitate
451 3111 653 3197 quorundam
672 3108 884 3175 conflictabar
906 3112 982 3174 etin
994 3131 1117 3195 genere
1132 3110 1211 3172 scri-

129 3212 215 3279 bendi
230 3237 325 3301 paene
344 3239 475 3282 moroso
490 3217 707 3305 defetigabar,
725 3216 846 3283 licebat
856 3220 890 3282 in
906 3220 1114 3282 suauissurno
1129 3218 1210 3280 ami-

130 3324 204 3385 citite
228 3324 362 3387 adiectu
387 3326 605 3409 acquiescere.

206 3428 284 3493 Duo
307 3430 388 3521 milri
412 3433 446 3494 in
463 3430 526 3495 hoc
547 3430 635 3495 libro
659 3430 857 3515 displicent,
881 3450 998 3494 crocum
1022 3427 1210 3493 scribenda-

129 3554 190 3599 rum
211 3538 310 3615 ratio,
332 3558 430 3623 qnam
453 3539 548 3624 sequi
569 3537 792 3616 decreueram,
815 3558 880 3600 non
900 3556 1133 3622 usquequaque
1155 3536 1211 3599 ad-

130 3656 228 3706 curate
254 3639 298 3707 ab
321 3646 419 3708 initio
442 3646 620 3709 constituta
642 3656 699 3709 ant
722 3657 853 3708 seruata
875 3653 1073 3719 constanter,
1093 3642 1211 3705 deinde

127 3768 241 3827 eornm,
263 3770 337 3839 quae
347 3748 511 3815 Addenda
522 3764 555 3819 et
568 3750 772 3837 Corrigenda
787 3748 1005 3836 appellamus,
1024 3745 1211 3811 multitudo.

127 3852 285 3922 scribendi
307 3858 472 3921 rationem
493 3879 566 3922 earn
587 3858 798 3923 decreueram
821 3857 1018 3942 exprimere,
1037 3876 1134 3940 qnam
1152 3876 1210 3919 an-

126 3962 298 4047 tiquissnmi
351 3954 485 4027 codices
523 3960 755 4042 Ciceroniani,
802 3982 955 4027 maxume
993 3960 1211 4047 palimpsesti‚

128 4072 287 4137 mutum
309 4091 375 4159 per
390 4070 585 4133 recentioris
608 4072 708 4135 moris
721 4069 959 4134 admixtionem
977 4066 1212 4153 perlucentem,

129 4174 173 4255 (de
191 4202 251 4267 qna
274 4202 314 4247 re
337 4173 532 4243 Freandius
556 4196 661 4261 nuper
689 4198 803 4263 parum
832 4172 999 4238 subtiliter
1026 4172 1212 4257 disputasse

127 4282 194 4351 niti
211 4286 371 4369 uidetur,)
396 4284 444 4347 iis
467 4292 577 4347 tanen
598 4280 762 4361 exclusis,
810 4300 882 4367 ane
904 4281 952 4344 ita
974 4280 1008 4341 in
1032 4279 1075 4341 iis
1097 4296 1118 4337 e
1140 4273 1213 4338 nol-

125 4392 183 4471 rut
201 4394 306 4463 torma
334 4390 397 4457 irio
422 4384 496 4453 illic
523 4386 716 4465 discedunt,
760 4400 796 4453 ut
824 4384 908 4451 lianc
940 4404 1007 4447 non
1038 4382 1145 4447 ruinas
1178 4381 1210 4443 in
