2706 5018
268 384 327 452 ΕΤ
349 384 459 452 MAL.
480 384 565 451 Llil.
588 385 637 452 111
660 385 755 453 CAP.
779 392 829 453 la.
1030 391 1094 455 45⁰

108 583 282 647 ‚innotatus
303 597 457 663 ueeutur,
496 585 529 647 iu
553 582 755 668 eandemque
778 604 876 669 quum
898 569 935 647 ae
959 586 1094 668 reecpit,

108 687 199 767 litut,
222 701 259 752 nt
282 688 432 753 uideatur
458 693 643 769 monuisse,
686 703 722 753 ut
749 702 903 767 enueret,
949 693 1093 776 itemque

108 816 179 874 ene,
200 816 298 880 apes,
319 797 486 875 ciconiae,
506 796 646 863 alioruin
669 799 769 860 atium
792 817 909 861 caussa
933 797 1092 883 quaedam

108 913 140 963 rt.
193 900 303 966 Multo
327 905 434 989 tnagis
456 903 537 968 huee
558 906 745 968 coniunctio
773 917 804 967 at
828 904 980 970 hominia.
1029 907 1094 972 ltu·

108 1019 206 1071 nutura
239 1029 353 1074 runrua
377 1013 444 1097 apti
473 1011 513 1075 nd
545 1024 677 1089 coetus,
723 1010 885 1092 coneilio,
934 1015 1094 1078 ciuitates.

108 1111 238 1180 [undum
259 1130 368 1181 uutern
390 1131 523 1182 censent
542 1119 613 1202 regi
636 1119 769 1180 numine
791 1118 939 1198 deorum,
955 1141 1095 1206 eumque

109 1224 200 1306 quasi
225 1244 430 1288 eennnunem
461 1223 574 1288 urbeur
607 1238 639 1288 et
671 1226 836 1289 ciuitatem
863 1225 1031 1291 hominurn
1062 1239 1096 1289 at

110 1350 158 1406 in,
181 1343 214 1392 et
236 1352 499 1417 unumquemque
521 1345 668 1395 nostruin
690 1334 762 1395 eius
787 1333 899 1397 rirrtndi
924 1355 997 1397 eane
1018 1354 1092 1419 par·

108 1515 166 1565 atur)
180 1515 259 1559 omn
293 1513 447 1570 eandemque)
466 1529 566 1573 eamque
580 1515 735 1561 turonen
764 1514 862 1572 recepit)
876 1518 968 1574 recipit
981 1516 1095 1562 aarum

108 1589 183 1633 nro-E
239 1591 327 1644 coetui)
343 1590 474 1635 eaelumb
530 1591 646 1637 eluitnten.
674 1590 927 1645 Munduulrnundnm
942 1593 1095 1639 einitatull

108 1663 132 1717 η’)
146 1666 224 1711 otu-L
259 1667 293 1720 et)
308 1668 383 1710 etlam
397 1667 416 1711 c
430 1670 485 1722 (ter)

108 1840 128 1885 ct
154 1831 337 1888 habitationis
362 1831 587 1903 significatione,
627 1833 725 1886 eadem
751 1834 893 1890 sententia
910 1852 943 1889 ae
959 1835 982 1888 ni
1001 1835 1094 1888 dicar:

108 1942 114 1974 ι
132 1925 235 1977 ceneda
250 1927 351 1995 patule
369 1927 477 1978 habital
496 1934 523 1978 et
538 1927 625 1996 pinne
644 1926 762 1987 dieitur,·
791 1927 819 1978 in
838 1928 941 1979 conella
963 1935 1059 1980 autam
1079 1944 1095 1978 e

108 2017 147 2070 rio
166 2021 318 2089 respondet
338 2016 380 2083 ei,
417 2021 490 2088 quod
509 2020 652 2089 nequitur:
688 2020 832 2073 econcdu.
873 2021 938 2073 ntor
957 2019 1096 2071 custodial

108 2119 125 2163 t
142 2128 185 2182 pr.
204 2113 245 2176 (et
266 2114 336 2166 Ueu.
358 2110 439 2175 128⁰)
458 2113 534 2165 tlon.
556 2120 585 2166 et
602 2112 747 2182 deinceps,
767 2122 884 2182 excepto
904 2109 1028 2176 Dariiaio,
1048 2128 1095 2163 ee-

108 2210 142 2254 ile
165 2204 285 2266 Gaium,
324 2210 371 2274 qui
392 2205 512 2256 custodit
537 2222 569 2256 ex
589 2202 793 2257 omuibueauia
812 2204 943 2259 reatituit.
979 2206 1048 2258 01¹.
1068 2202 1096 2255 id

108 2295 325 2351 ›Eotnotnnn

123 2388 288 2465 eandemque
305 2405 384 2463 puero
405 2405 435 2439 re
454 2389 577 2457 recepit,
605 2388 769 2454 includitur)
789 2387 816 2439 in
836 2387 1000 2456 eundemque
1014 2390 1095 2457 (eeu-

120 2496 135 2531 e
152 2497 208 2551 que
228 2480 340 2547 enauit)
356 2477 442 2535 etium
451 2479 610 2549 Spirensis,
631 2483 682 2534 illu
701 2482 808 2533 uerba:
828 2480 883 2554 qni,
904 2482 1028 2548 quod-
1045 2502 1094 2536 rw-

113 2572 266 2642 otcrpuaitu
284 2581 349 2625 aunt
366 2568 486 2625 nominis
505 2573 668 2627 declarandi
687 2590 796 2637 (tuusne,
816 2572 843 2625 iu
863 2572 1042 2642 quibuscum
1061 2578 1097 2629 ud

108 2667 274 2721 ureiertur.
313 2666 389 2718 Tum
409 2663 438 2716 iu
461 2666 521 2717 cod.
541 2666 697 2733 archetypo
718 2664 772 2717 tuit
790 2666 890 2732 recipit
916 2671 962 2731 (ut
987 2675 1049 2721 erut
1068 2668 1096 2721 in

108 2774 145 2811 ¹ue
163 2758 256 2821 Palu,
294 2759 385 2818 011„
421 2753 473 2809 (izi
493 2756 634 2815 araunium)
654 2764 681 2808 et
699 2753 863 2807 restitutum
880 2762 907 2809 al
925 2774 942 2810 a
962 2759 1095 2826 Grutero,

108 2866 137 2914 n,
164 2848 239 2904 aliia.
276 2851 352 2904 Tum
371 2852 485 2902 demum
505 2847 665 2919 pinnoterea
687 2845 857 2911 includitur,
898 2858 1097 2920 poatquaniae

108 2948 129 3007 t,
158 2961 214 2996 non
234 2943 300 2995 dura
318 2960 349 2995 ae
364 2941 482 3012 recipit,
519 2949 617 3010 eatque
636 2938 775 3009 legituma
792 2938 852 2991 hac.
871 2941 988 3009 perlecti
1008 2945 1097 3013 purti-

108 3052 184 3109 puom
219 3035 337 3089 tiriniacti
366 3054 430 3089 eum
460 3034 589 3106 prasenti
617 3031 794 3095 coniunctio,-
831 3031 886 3085 uid.
915 3035 949 3087 ud
979 3038 1020 3101 V,
1054 3036 1097 3092 42

108 3146 111 3178 l
145 3145 202 3181 unu
238 3129 334 3183 littera
372 3135 481 3182 uilitate
513 3130 568 3180 hoe
602 3123 833 3178 adeomruoduuit
864 3126 900 3177 ud
937 3128 1099 3184 includitur.

108 3237 114 3272 t
139 3226 203 3289 pent
231 3229 291 3275 tnm
319 3223 458 3291 obruptus
484 3228 511 3273 et
537 3237 554 3272 u
582 3216 724 3272 Ciceronis
751 3236 831 3272 ruore
859 3217 969 3273 ulienua
995 3222 1097 3276 trauai-

108 3312 217 3367 nilonis
255 3317 313 3379 erl,
354 3322 386 3368 ut
419 3331 498 3383 pane
528 3314 653 3384 uirapicer
689 3311 824 3364 exciditne
855 3329 907 3380 que
941 3316 1099 3393 (diciteque

108 3499 122 3558 l.
161 3501 295 3553 Mundum
312 3531 346 3541 —
365 3501 430 3569 regi
449 3501 556 3551 rininrine
575 3501 698 3567 deornm)
717 3498 772 3568 Qui
793 3501 872 3553 locun
891 3498 926 3550 de
946 3497 1097 3569 prouiden-

108 3597 206 3663 peroin)
227 3590 339 3664 copiose
359 3591 517 3664 explicatur
537 3598 564 3646 11
584 3593 617 3646 tt.
644 3593 678 3646 Β.
706 3592 808 3646 iudea
834 3594 847 3661 ᾗ
871 3592 923 3657 753
958 3594 1098 3662 quomode

120 3686 252 3740 aabtiliue
278 3693 418 3739 tructutur
436 3685 524 3739 luerit
548 3694 577 3739 et
602 3703 666 3739 enm
692 3685 800 3741 relicua
821 3702 931 3739 aramma
949 3685 1099 3756 disciplina

108 3776 202 3844 intur,
229 3776 277 3832 irie
295 3796 351 3831 non
369 3777 512 3849 quaritur.
553 3780 637 3847 Quod
655 3787 750 3833 autem
770 3778 883 3831 udditur
901 3779 936 3832 de
954 3778 1097 3831 communi

108 3888 125 3923 a
140 3880 168 3926 et
184 3871 333 3926 hominum
352 3871 469 3925 ciuitate
488 3872 557 3938 (eir.
573 3871 663 3942 Legg.
683 3873 714 3938 1,
732 3870 784 3936 58,
805 3872 839 3926 N.
857 3872 892 3926 ll.
910 3870 1042 3937 11,151),
1063 3871 1098 3924 de

108 3959 220 4020 limonia
240 3964 350 4038 aliquot
368 3964 455 4018 etium
477 3965 640 4018 Graecarum
659 3962 786 4035 conlegit
802 3962 915 4032 Lipsius
933 3961 1099 4035 l’lryriolog.

115 4062 150 4123 ll,
169 4059 189 4113 7
206 4062 237 4113 el
250 4065 292 4112 eat
312 4076 358 4115 rer
376 4063 454 4111 unta.
488 4056 556 4111 Mor
576 4056 752 4131 consequitur
768 4055 857 4108 habet
875 4056 918 4109 ed.
939 4072 965 4108 a.
982 4056 1052 4109 148⁰
1070 4058 1100 4108 el

108 4151 232 4219 talia,
267 4159 411 4223 pertram
428 4148 520 4204 Lliiui.
560 4150 694 4219 consequi
710 4148 773 4206 Pal.
791 4146 824 4214 1,
842 4149 877 4212 4,
895 4149 922 4213 ⁵,
941 4150 1027 4212 011..
1045 4144 1099 4200 Gai

114 4284 124 4313 ,
162 4254 279 4319 excepto
308 4245 383 4299 llud.
401 4244 427 4297 2.
484 4244 560 4297 Tum
579 4242 716 4297 dominmn
735 4261 786 4314 pro
804 4242 922 4296 eandam
940 4242 1010 4295 Oxx.
1029 4236 1098 4304 Εξχ,

111 4336 182 4394 dat.
200 4340 236 4407 13
272 4344 433 4394 correctum
451 4344 477 4392 nt
494 4336 524 4390 iu
542 4337 586 4391 ed.
606 4338 695 4393 Crat·
722 4336 774 4390 Est
792 4333 994 4406 aitnperandnr
1012 4330 1097 4385 eliam

110 4428 134 4485 ie
149 4432 187 4489 rit
203 4434 273 4506 (pre
291 4432 330 4488 rit
347 4431 385 4499 ir)
403 4447 460 4486 nou
479 4435 603 4486 notatur.
