2706 5018
310 363 377 431 ET
399 365 506 432 atat.
527 366 611 432 LIB.
637 368 651 432 Ι
674 368 770 436 ΟΑΡ.
791 376 822 435 9.
1080 384 1124 445 ω

108 564 165 625 lius
185 563 301 627 uelint
329 564 477 643 tradere,
518 577 551 627 et
576 579 698 651 negent
722 570 803 631 satia
825 590 919 648 ease,
961 575 1038 657 quid
1063 574 1120 641 lio-

109 670 150 731 ait
171 683 228 733 aut
251 672 335 757 quid
359 670 493 749 rualunr,
517 692 616 735 aenan
640 674 790 753 iudicari,
814 676 870 739 aed
885 680 995 743 aniruo
1018 684 1117 747 etiarn

108 764 206 839 ttiune
238 775 398 863 intellegi
427 799 545 863 posse,
591 792 623 842 et
648 778 848 864 uoluptatem
870 783 973 868 ipsunt
998 806 1058 868 per
1081 811 1117 853 ae

118 884 344 967 expetendam
375 897 408 948 et
438 883 587 948 dolerent
617 886 724 968 ipsunt
747 907 805 966 per
828 908 863 949 se
889 912 962 955 ease
986 894 1117 980 fuglen-

145 987 261 1075 ltaque
285 991 395 1068 aiunt,
432 989 516 1054 hane
537 992 631 1075 quasi
655 991 839 1057 naturalem
863 1007 960 1080 atque
984 999 1114 1064 inuitaui

108 1096 187 1157 druia
211 1098 337 1159 nostris
357 1098 466 1160 inesse
489 1100 676 1175 notionem,
702 1112 738 1159 ut
759 1097 898 1163 alterurn
923 1123 996 1166 ease
1017 1106 1115 1191 adpe-

108 1220 167 1279 un,
211 1201 353 1265 alterurn
378 1204 618 1286 aspernandum
653 1207 847 1269 sentiamus.
910 1206 981 1271 Alii
1004 1223 1114 1276 auteur

108 1328 147 1369 us
175 1328 239 1393 ege
271 1307 452 1392 adsentior)
486 1332 584 1395 quoni
612 1332 631 1373 a
663 1309 871 1396 philosophis
899 1312 1114 1399 conpluribus

111 1410 176 1476 ulta
200 1414 371 1491 dicantur,
412 1438 469 1478 cnr
495 1438 554 1479 nee
578 1414 733 1501 uoluptas
755 1419 789 1479 in
815 1417 910 1481 bunia
933 1422 976 1482 sit
999 1442 1113 1485 nunte-

108 1538 119 1581 ι
148 1539 206 1582 nec
233 1521 268 1581 in
292 1518 389 1583 utalia
413 1521 528 1599 dolor,
573 1544 637 1584 non
663 1525 866 1587 existumant
888 1538 1040 1605 opertere
1062 1530 1112 1590 ni-

109 1647 118 1684 ι
140 1645 198 1687 nes
222 1646 360 1689 caussae
384 1625 573 1705 confidere,
620 1629 677 1691 sed
701 1643 734 1692 et
757 1632 1051 1715 argumentandum
1078 1648 1111 1696 et

108 1788 313 1839 lulmlumrt't
328 1794 351 1837 n
384 1794 460 1851 iprum
474 1807 516 1850 per
530 1796 566 1847 re)
582 1796 663 1851 iprum
675 1808 722 1851 per
738 1808 765 1838 re
777 1796 856 1850 iprum
871 1795 893 1839 Ε
920 1795 1110 1850 lamentanti

108 1868 138 1919 ur)
151 1870 309 1913 retinuerit)
337 1870 497 1927 eeepluritur)
511 1884 583 1925 quem
591 1872 710 1926 pluriter
726 1870 768 1914 Rc
792 1870 912 1923 dieantur)
926 1873 1048 1916 dicuntur
1062 1874 1109 1919 tut

109 1946 309 1997 terere)rur13
337 1945 474 2001 neeln)ee
491 1947 550 1990 r'nE
579 1946 630 1999 aed)
644 1944 725 1992 urnii

108 2082 208 2148 altrat,
239 2086 316 2137 unda
339 2085 465 2139 oriretur
483 2084 549 2140 boni
568 2086 645 2140 notin
664 2086 813 2141 niueundi
832 2086 978 2150 seiuncta,
1003 2086 1044 2143 ele
1063 2087 1108 2143 illi

108 2170 177 2245 iij-per
194 2176 266 2242 illu,
287 2195 343 2247 qun
362 2180 415 2231 lree
433 2185 544 2233 tantum
563 2178 765 2243 indicabatur,
784 2181 925 2250 qrremedo
944 2179 1043 2249 aliqua
1062 2197 1107 2233 rer

108 2284 127 2319 ιι
143 2268 288 2336 adiiceret,
306 2272 416 2325 trustra
434 2270 618 2337 reficiebant,
635 2275 788 2342 petendam
808 2290 871 2327 earn
892 2289 960 2326 erte.
996 2267 1106 2341 Hpe'lp·

108 2364 123 2411 t
144 2359 217 2415 enirn
244 2360 298 2416 illa
323 2366 463 2418 naturalia
488 2371 572 2436 etque
597 2366 683 2417 inrita
710 2366 739 2416 r'u
766 2365 864 2417 animia
887 2364 990 2416 nustria
1013 2364 1105 2423 ιιοίίος

108 2448 165 2523 liug-
184 2454 279 2508 lauert.
300 2457 342 2519 X,
369 2454 421 2520 33,
459 2458 548 2510 clem.
567 2458 703 2511 Alexand.
725 2458 751 2509 ll
773 2457 879 2510 Strnrn·
904 2475 931 2526 p.
951 2454 1004 2508 1⁵7
1022 2454 1103 2524 Syllt.

110 2551 265 2600 turautern
286 2548 384 2601 Cicero
403 2568 480 2618 paene
498 2551 539 2603 itu
565 2557 711 2621 tamqnam
739 2549 882 2619 Epicurus
909 2564 972 2601 earn
998 2562 1104 2618 cognu-

108 2640 253 2705 rutauerit3
290 2648 377 2709 utque
400 2650 499 2713 aperte
524 2643 552 2695 id
578 2643 679 2696 dieitl
709 2642 744 2696 u‘.
761 2642 795 2695 D.
815 2642 866 2706 dl,
902 2641 1058 2695 aPlatune
1077 2646 1105 2691 et

108 2734 257 2785 reelurem
286 2733 400 2785 ducena.
436 2734 536 2803 ltaque
560 2734 624 2787 iure
643 2732 672 2789 in
692 2735 747 2787 huc
766 2733 865 2787 Cicero
885 2730 1105 2801 reprehenditur
1128 2762 1133 2771 ·

115 2822 184 2893 ‚qui
203 2824 392 2894 philureplriae
413 2825 560 2881 lriaturiam
578 2827 771 2897 arripuerunt,
792 2830 825 2878 ut
845 2840 974 2891 nupera
991 2822 1104 2876 tritten

109 2914 183 2967 ‚tn
200 2917 244 2970 ed.
265 2919 306 2983 1).
343 2918 397 2971 Sed
417 2918 477 2989 ipre
495 2919 635 2989 Epicurus
653 2934 758 2990 pnruru
777 2916 948 2987 explicabat,
965 2928 1022 2984 qun
1037 2920 1104 2966 nutu

108 3005 227 3079 πρόληψις
247 3026 265 3061 a
285 3011 361 3063 sulen
380 3009 459 3082 uulgi
479 3011 612 3082 opinione
630 3011 850 3066 discerneretur.

107 3100 167 3153 u'rre
186 3103 269 3153 etiam
287 3104 461 3169 erratione)
487 3102 657 3158 lureleritiua
675 3100 743 3156 dixit
762 3102 871 3167 animo,
898 3118 984 3173 qutun
1003 3100 1104 3155 mentia

109 3206 134 3245 tr
156 3194 379 3265 intellegentem
397 3196 445 3249 aed
463 3196 600 3251 eontrarii
617 3198 827 3267 intelleguntur
843 3211 942 3247 rentur
967 3194 1102 3264 corperis.

108 3285 379 3357 rateriguitieatiune
397 3291 522 3342 eruenda
539 3305 572 3342 ex
591 3290 709 3361 neganti
727 3288 846 3357 (negent
865 3304 924 3341 erre
942 3286 1025 3351 retia)
1041 3286 1101 3343 uid.

108 3468 136 3521 lii
150 3473 257 3538 taetrae)
278 3470 317 3525 lli
333 3472 382 3541 qui
401 3472 473 3539 rint,
502 3491 572 3546 qrror
590 3476 772 3544 Torquatum,
799 3472 828 3527 id
847 3481 906 3538 ert,
935 3471 1035 3525 Cicero
1057 3469 1101 3523 ui-

111 3560 269 3635 rignilirnre
288 3571 317 3618 et
342 3563 403 3634 ipen
432 3566 577 3636 Epicure,
613 3565 749 3621 madiorri
771 3564 1017 3621 animaduerriene
1035 3580 1101 3616 eon·

136 3643 168 3711 et
183 3654 259 3721 illia,
278 3652 327 3727 qul
348 3656 433 3711 inrita
453 3656 541 3711 animi
559 3658 675 3713 notione
692 3657 876 3724 nitebantur,
893 3656 1027 3712 rulttiliur
1045 3654 1101 3708 dia-

108 3747 251 3815 aneaeie,
271 3766 335 3813 nee,
354 3748 423 3819 qnid
442 3747 571 3814 dixerint.
590 3750 720 3823 explicat.
751 3753 823 3806 Nam
842 3768 907 3804 mox
924 3766 980 3801 nen
1000 3746 1028 3799 in
1048 3745 1102 3799 uli-

108 3836 225 3893 illerum
243 3839 495 3911 argumentatione
512 3841 624 3914 pergit,
662 3846 711 3897 red
737 3843 773 3897 erl
799 3840 989 3895 rennuenda·
1012 3838 1102 3909 ipriur

108 3926 121 3983 ἱ
136 3931 316 4003 argumenti·
327 3932 521 3988 dubitatione·
533 3933 642 3989 tranrit.
680 3938 799 3999 Uener,
818 3940 850 3987 ut
865 3932 965 3987 (licere
983 3932 1042 3985 lree
1054 3948 1100 3986 ut·

108 4024 210 4095 'guter
225 4024 382 4097 arripuerit.
417 4026 549 4081 Editerer
566 4025 638 4082 nihil
661 4026 799 4081 dixerunt.

108 4118 214 4187 intur)
230 4118 331 4175 llum
349 4118 420 4173 011.
439 4117 524 4185 Eu&
543 4125 630 4190 etque
649 4120 712 4173 edd.
732 4123 803 4172 uett.
822 4117 902 4177 alie,
931 4114 1017 4168 etia·
1035 4114 1100 4167 Μι-

108 4208 252 4277 muna,
277 4218 330 4275 ut,
357 4209 426 4265 lieet
443 4216 558 4265 taceant
575 4212 736 4275 Gruterus,
756 4211 849 4273 Dru„
867 4205 973 4271 (irini,
999 4204 1053 4255 hee
1071 4202 1099 4255 in

108 4318 138 4355 ιι
153 4301 347 4359 deterioribur
365 4301 453 4359 inim
470 4303 618 4374 adpareat.
664 4302 808 4358 Uictoriae
826 4300 953 4370 primur,
988 4293 1099 4361 opinor,

108 4391 136 4449 it.
167 4394 295 4453 labinurr
321 4396 451 4467 quonian
470 4424 504 4437 -
523 4396 662 4451 dieantur.
