2706 5018
118 359 233 432 XLlY.
412 419 421 436 ,
538 356 794 428 PRAEFATIO.

119 553 242 641 ubique
274 557 347 620 eius
373 559 470 623 unius
500 558 622 625 codicis
653 557 882 621 auctoritatem
921 567 1106 620 ceterorurn
1137 577 1212 621 con·

117 665 253 742 sensui,
275 662 307 727 id
332 675 401 743 est,
448 684 562 729 eorurn
589 665 728 749 principi
754 662 963 746 prrelerrem,
1003 664 1210 748 inpetrarea

117 790 170 836 ure
193 791 258 838 uon
276 771 390 855 potui,
417 791 515 856 quonr
538 771 683 856 suspicio
706 790 771 832 uon
792 766 943 847 abesset,
988 771 1068 854 quin
1091 772 1128 833 in
1147 770 1212 834 boc

116 896 239 961 genere
261 877 333 939 eius
354 873 491 957 librari,
532 880 588 963 qui
612 897 687 940 euru
712 875 862 959 scripsit,
906 872 1119 961 neglegentia
1145 874 1210 940 late

116 984 277 1064 potuisset
311 982 388 1060 (cir.
411 980 448 1063 l,
477 985 537 1048 ὥς
582 979 750 1065 Idpricurur
780 981 893 1044 eadem
916 979 969 1045 dir
985 981 1212 1065 poeneirrerdr'r

118 1094 228 1172 iuquit
250 1101 284 1154 et
306 1087 360 1168 ll,
392 1090 451 1154 28:
496 1086 631 1152 Deinde
653 1093 738 1152 euim
760 1086 820 1151 ebr’
840 1086 972 1152 eruduit
993 1094 1045 1152 uir
1067 1098 1123 1152 ert
1137 1111 1212 1174 per·

119 1215 240 1280 rengno
263 1207 297 1259 et
318 1197 377 1259 30:
423 1200 559 1259 eirtrrtr'r
583 1199 712 1258 omnino
741 1193 911 1258 adr'rmctr'o
936 1215 957 1256 a
975 1192 1211 1280 philosophici

117 1297 228 1365 Malui
250 1303 352 1387 igitur
375 1322 433 1377 ea,
480 1322 553 1387 quta
576 1311 665 1365 certa
692 1322 756 1364 non
789 1312 885 1364 erant
915 1312 972 1363 aut
992 1299 1113 1365 saltem
1138 1322 1211 1385 per·

117 1430 214 1493 quern
237 1404 445 1494 probabilia,
488 1408 642 1471 adnotata
669 1408 703 1470 in
728 1408 889 1471 uarietate
908 1410 1078 1493 scriptura·
1109 1428 1210 1488 expe·

118 1527 229 1592 ctare,
251 1513 329 1576 dunr
353 1511 438 1577 alter
460 1512 607 1577 eiusdern
630 1516 762 1599 generis
787 1513 894 1577 codex
918 1513 1110 1587 adcederet;
1151 1533 1209 1576 nee

116 1618 248 1697 dubito,
273 1622 351 1705 quin
373 1622 402 1683 is
421 1618 519 1706 plura
542 1622 640 1684 etiarn
657 1642 702 1684 ex
720 1622 763 1684 iis
784 1617 1039 1686 confirmaturus
1059 1620 1115 1695 sit,
1137 1639 1208 1703 que

116 1730 224 1794 miuus
249 1728 419 1813 exquisita
440 1728 594 1791 uidentur
618 1748 715 1813 quarn
738 1729 772 1790 in
796 1724 989 1812 uolgaribue'
1005 1729 1064 1804 tut
1082 1722 1134 1801 ll,
1167 1726 1209 1788 db

112 1841 179 1903 icet
195 1833 325 1918 pridem
356 1835 494 1900 restem
526 1843 559 1898 rt
588 1841 704 1898 corrtra
734 1852 789 1896 eor
821 1833 1012 1916 disputari).
1078 1829 1207 1895 luterea

113 1939 257 2008 babeant
280 1941 367 2017 bec,
411 1939 586 2025 inquibus
611 1961 647 2003 re
671 1942 814 2018 iactent,
857 1942 915 2025 qni
939 1936 1044 2003 multo
1066 1958 1102 2000 se
1128 1937 1207 2002 rnibi

111 2046 279 2134 praelaturi
304 2057 400 2126 sunt,
429 2068 527 2133 quoni
552 2045 722 2110 docuerint
745 2044 762 2109 l
784 2049 802 2125 ᾗ
823 2048 845 2111 b
869 2043 1079 2111 scribendum
1104 2043 1207 2109 fuisse

112 2153 224 2222 medus
236 2154 323 2219 alluo
341 2161 400 2219 ert.

116 2314 118 2319 .
201 2258 328 2325 Ueru'rn
350 2261 494 2326 codicem
509 2261 722 2348 archetypum
745 2262 852 2347 ipsunt
878 2261 996 2325 ruenda
1012 2281 1077 2323 non
1103 2278 1207 2341 pauca

115 2367 273 2432 babuisse
305 2379 433 2431 constat
463 2379 497 2431 et
525 2389 625 2454 supra
654 2367 781 2453 aliquot
810 2366 977 2451 exemplis
1005 2365 1207 2430 declaratum

111 2487 161 2554 st,
199 2495 297 2560 quoru
329 2475 429 2537 etiarn
452 2473 660 2539 ostenderem
683 2476 715 2556 (ᾗ
738 2477 760 2537 8
782 2497 814 2559 p.
841 2472 941 2538 XXl-
958 2484 991 2537 et
1015 2495 1046 2557 p.
1069 2467 1207 2554 XXX),

112 2579 235 2660 multa,
282 2601 353 2666 qua
394 2600 480 2644 nunc
508 2583 681 2658 ,communi
714 2600 876 2644 consensu
917 2590 1083 2663 tamquam
1125 2575 1208 2640 fide·

71 2708 77 2724 ¹
110 2687 186 2754 liter
227 2687 408 2772 antiquitus
448 2698 581 2750 seruata
617 2684 847 2773 probarentur,
891 2687 1087 2750 coniectura
1118 2703 1205 2746 uero}

109 2818 148 2861 ac
179 2795 373 2859 necessaria
403 2791 537 2869 deberi3
580 2804 715 2879 eratque
748 2790 846 2856 facile
881 2794 942 2870 iis,
983 2811 1065 2878 *quoe
1099 2787 1148 2852 ibi
1186 2810 1206 2853 a

112 2902 360 2967 recentissunrir
389 2898 536 2965 librariis
564 2900 738 2965 emendata
769 2899 862 2979 dixi,
905 2897 974 2962 alia
1011 2896 1206 2981 adiungere,

110 3031 181 3095 quic
203 3031 223 3072 a
243 3021 356 3071 uetere
378 3005 489 3093 aliquo
513 3007 639 3072 editore
662 3019 808 3072 correcta
831 3025 905 3069 esse
923 3003 1025 3090 uolgo
1047 3002 1204 3065 nescitur.

108 3114 210 3182 Uelut
233 3113 283 3196 (ut
304 3111 433 3177 duobus
454 3114 572 3176 uicinis
595 3112 762 3200 exemplis
786 3111 962 3197 defungor)
994 3112 1025 3173 io
1050 3107 1124 3187 lll,
1160 3110 1203 3172 28

108 3240 303 3307 quamquam
344 3217 386 3280 ad
417 3215 521 3280 uerba
549 3234 598 3280 ex
633 3238 696 3302 quo
727 3217 879 3294 relicitur
912 3215 994 3282 nibil
1027 3213 1202 3292 Gruterus,

107 3327 283 3404 Dauisius,
307 3321 524 3400 Goerenzius,
547 3320 696 3385 Orellius
716 3322 891 3400 adnotant,
916 3337 1026 3387 tbrnen
1047 3323 1202 3386 certissu-

108 3454 195 3499 murn
219 3443 267 3510 st,
304 3431 338 3494 in
363 3425 455 3492 nullo
478 3428 589 3491 codice
614 3429 661 3491 ita
685 3428 809 3507 luisse,
833 3429 890 3492 sed
916 3429 950 3491 in
976 3427 1129 3492 omnibus
1155 3445 1200 3490 ea·

106 3560 194 3627 qua,
240 3549 273 3600 et
294 3535 407 3621 paucis
431 3532 584 3598 uersibus
608 3547 701 3619 post,
749 3533 808 3599 ubi
835 3548 923 3599 recte
945 3534 1053 3598 editur
1082 3531 1121 3597 ob
1146 3553 1199 3610 ea,

107 3645 193 3733 quod
216 3640 365 3708 Orellius
389 3662 434 3705 ex
460 3662 524 3704 uua
548 3641 673 3707 Uictori
697 3642 841 3706 editione
864 3639 1000 3706 ascribit
1022 3640 1069 3704 ad
1089 3661 1141 3718 eu,
1156 3641 1198 3703 id

105 3770 219 3815 ornnes
242 3748 371 3813 codices
404 3745 600 3814 babuerunt.
613 3750 645 3829 ¹)
710 3747 837 3814 Horum
870 3749 986 3835 igitur¹
1003 3746 1125 3810 codicis
1147 3767 1199 3809 ar·

105 3913 336 3929 μ

127 4020 156 4090 ¹)
176 4017 303 4072 Omnino
324 4015 465 4090 plerique,
485 4036 544 4074 non
566 4019 659 4075 solunt
675 4021 791 4094 inperiti
812 4021 866 4086 illi,
885 4023 936 4094 qui
954 4022 1084 4078 criticam
1103 4022 1196 4077 adtin-

170 4114 243 4182 gunt
266 4107 329 4162 sine
345 4108 405 4162 ulla
422 4110 607 4184 antiquorum
637 4112 768 4167 codicum
800 4112 934 4185 diligenti
959 4114 1195 4187 pertractatione,

170 4199 319 4263 nesciunt,
355 4217 439 4272 quum
470 4202 560 4256 multa
584 4204 759 4259 coniecturis
787 4204 958 4260 necessariis
985 4206 1132 4262 emendata
1154 4207 1194 4260 lc·

169 4301 239 4366 gent
255 4293 287 4346 in
306 4292 439 4347 omnibus
459 4294 608 4352 Ciceronis
634 4296 768 4369 scriptis,
806 4296 884 4371 quod
909 4298 1037 4354 omniurn
1063 4313 1194 4353 maxume

170 4385 297 4443 inlibris
318 4385 354 4443 dc
370 4385 483 4460 legibus
497 4387 686 4447 demonstrari
697 4395 802 4461 potest
823 4446 825 4451 .
