2706 5018
124 356 168 418 62
476 351 536 418 DE
556 347 735 418 FlNIBUS
757 346 860 416 Bou.

126 546 296 631 uoluptate
321 548 453 625 quaeri,
475 545 516 609 de
540 564 604 631 qua
622 565 719 609 onina
741 556 910 625 certamen
930 539 1003 606 eati
1037 537 1115 604 'l'uo
1137 563 1155 604 u

125 652 160 715 id
181 651 322 737 quidem,
345 651 488 735 inquam,
510 634 695 727 arbitratns'
729 650 785 715 Sic
807 650 927 713 saciant
947 648 1063 734 igitur,
1087 648 1155 732 inqr

126 778 224 820 unani
255 777 323 818 rern
352 755 525 839 explicabo
561 777 699 842 eantque
740 776 948 827 maxumam
993 753 1035 816 de
1076 751 1155 838 pbyr

127 862 229 936 alias;
274 875 307 924 et
337 862 466 947 quidem
497 861 556 925 tibi
580 874 612 924 et
634 860 887 924 declinationem
908 861 1005 922 iatam
1034 867 1155 921 atomon

128 981 161 1034 et
183 968 440 1053 magnitudinem
464 966 545 1030 solis
565 966 733 1049 probabo,
783 980 815 1029 et
838 963 1022 1030 Democriti
1045 976 1153 1026 errata

127 1074 269 1160 Epicuro
297 1072 495 1156 reprehensa
526 1086 558 1135 et
583 1086 728 1137 correcta
749 1069 923 1153 permulta.
990 1065 1089 1131 Nunc
1111 1068 1155 1131 dit

127 1181 168 1243 de
195 1177 385 1262 uoluptate,
428 1177 511 1240 nibil
542 1178 668 1242 scilicet
698 1180 795 1254 noui,
843 1199 883 1239 ea
905 1188 1034 1250 tamen,
1077 1194 1155 1258 quae

127 1288 234 1369 ipsum
258 1282 471 1368 probaturum
498 1305 571 1346 esso
594 1280 767 1347 confidarn.
813 1279 922 1360 Certe,
947 1282 1092 1364 iuquam,
1116 1299 1156 1361 pe

128 1411 197 1455 nax
221 1411 286 1452 non
308 1410 383 1466 ero,
413 1388 555 1473 tibique,
587 1374 616 1450 e'i
639 1386 717 1450 ruihi
740 1384 895 1471 probabis
919 1406 977 1462 ea,
1009 1405 1092 1468 quac
1115 1383 1156 1445 dit

127 1493 269 1558 libenter
291 1494 466 1556 adsentiar.
520 1495 572 1554 29.
597 1490 767 1569 Probabo‚
806 1492 931 1576 iuquit,
964 1489 1062 1552 niodo
1085 1491 1143 1550 itta

130 1602 315 1684 aequitate,
356 1620 451 1683 quarn
481 1597 637 1661 ostendis.
710 1596 775 1660 Sed
806 1599 854 1658 uti
884 1597 1034 1658 oratioue
1063 1610 1156 1679 perpet

181 1803 339 1861 laqaamlonr.
352 1802 423 1847 LMll
446 1807 470 1847 et
485 1802 585 1860 quidem)
599 1800 745 1857 eqatdemss
772 1798 1044 1857 correcto)eorreptolr
1071 1796 1156 1851 dleetll

128 1881 148 1926 11
175 1881 293 1939 probabit)
303 1879 452 1935 predonem
464 1878 487 1923 lt
534 1880 570 1927 υ.
581 1877 664 1935 lnquit,
677 1877 793 1932 modom
808 1879 856 1935 inp.
870 1876 893 1922 B

129 2060 162 2112 ln
179 2059 240 2112 Erl.
261 2057 310 2128 qui
328 2062 425 2109 naturn
442 2061 469 2109 rt
486 2072 502 2108 e
520 2057 685 2126 compendio
708 2054 786 2110 nocio
804 2055 911 2124 igitur3
929 2054 988 2110 uid.
1003 2070 1065 2108 nar.
1076 2051 1157 2122 ocript.

128 2147 221 2211 1v‚2.
247 2145 370 2200 Mutatio
389 2165 513 2216 per-eoae
532 2148 579 2201 liic
597 2146 657 2218 ipra
678 2144 908 2218 interrogationie
927 2148 1022 2200 forma
1040 2154 1068 2199 et
1079 2141 1157 2214 pettit

130 2239 219 2308 igitar
235 2237 398 2306 significata
416 2239 538 2291 uidetur.
573 2240 633 2291 Gir.
651 2240 686 2292 ad
706 2240 743 2300 ll,
761 2240 787 2295 9.

198 2328 364 2396 reprebeneo
382 2335 410 2381 et
425 2332 564 2398 correcto)
588 2330 717 2385 Bremiua
736 2329 905 2399 deprebensa
924 2328 1068 2392 malebat3
1105 2338 1157 2377 m

130 2420 361 2490 reprehendendo
382 2438 479 2474 errore
498 2424 608 2476 nullum
624 2441 685 2478 eoae
702 2421 844 2486 meritum,
863 2422 911 2475 ced
929 2419 1052 2489 primum
1072 2416 1100 2470 ln
1116 2416 1157 2484 tu

129 2512 295 2572 hendendo,
324 2520 386 2564 tum
402 2513 432 2565 in
451 2514 631 2583 corrigendo.
665 2516 776 2568 Addere
797 2520 917 2584 poterut,
937 2511 1157 2582 repreheattrnt

24 2618 50 2663 f
130 2604 167 2657 ab
184 2603 309 2671 Epicuro
330 2604 534 2670 Democritum,
557 2606 626 2660 retu
645 2614 742 2660 notum
760 2606 856 2657 laicae.
893 2603 949 2656 Sed
965 2607 1084 2670 peccota
1101 2600 1151 2653 illa

128 2694 199 2762 icto,
224 2712 280 2749 non
298 2696 504 2760 conueniebat3
530 2714 582 2751 nec
601 2699 699 2751 Cicero
718 2706 768 2752 aut
787 2713 821 2751 ee
840 2703 906 2750 artae
925 2694 1157 2762 deprehendere«

129 2805 185 2842 rem
203 2786 288 2852 dixit3
324 2785 352 2841 in
377 2788 551 2844 facinoribuo
568 2795 597 2842 et
614 2791 699 2844 reboo
718 2789 840 2844 concilio
860 2794 889 2843 et
905 2787 1009 2842 fraude
1025 2781 1157 2838 occultati

131 2880 252 2933 uerbum
278 2881 447 2950 ponebatur.
736 2921 748 2945 .

199 2973 226 3024 cr·
241 2973 310 3025 milti
320 2973 452 3041 prodobio
470 2973 517 3041 ea)
536 2974 606 3027 01¹.
624 2973 679 3039 Εξ,
718 2974 792 3028 Gud.
811 2973 830 3026 2
846 2969 1029 3042 probauerit,
1049 2984 1104 3021 non
1122 2982 1157 3021 ne

129 3061 205 3117 carie
223 3065 412 3130 correctioue;
444 3071 557 3134 poterat
574 3065 650 3119 caim
669 3067 803 3120 edeenrne
821 3065 913 3135 ipram
930 3058 1151 3131 diepntatioaon

130 3152 243 3219 mitari,
263 3171 319 3208 noa
337 3157 431 3210 tolum
449 3173 483 3210 ea
503 3156 583 3211 linita
601 3155 679 3211 oriri.
718 3155 824 3211 Maluit
842 3154 940 3210 Cicero
956 3152 1091 3223 proludit
1105 3168 1157 3222 pro

131 3245 214 3299 dicet.

199 3335 244 3389 29.
278 3334 334 3387 ieta
351 3336 390 3390 eit
414 3339 557 3409 aequitate,
595 3356 677 3411 quara
699 3337 830 3407 cumdio)
866 3337 964 3398 Unus,
1002 3338 1080 3409 qaod
1103 3332 1158 3389 scir

131 3424 205 3480 Uict.
231 3427 318 3479 codex
344 3434 373 3481 et
398 3429 458 3483 eiua
484 3430 570 3485 editio
596 3449 652 3503 quo
676 3431 812 3497 ostendit,
847 3430 941 3501 figora
958 3428 1011 3482 illa
1030 3446 1064 3481 ex
1082 3427 1158 3497 ellipt

131 3518 307 3572 adtractione
325 3525 410 3583 nata,
444 3519 522 3574 cuiue
541 3524 670 3593 exempla
688 3520 813 3593 plenius,
848 3537 932 3590 quam
952 3518 1056 3585 ceteri,
1093 3518 1158 3573 conl

130 3609 294 3679 llruegernt
310 3608 337 3662 in
358 3611 434 3665 libro
454 3612 488 3664 do
507 3614 626 3668 adtraat.
644 3634 671 3684 p.
690 3613 744 3667 too
756 3630 824 3683 oqq„
841 3628 858 3664 tt
876 3628 931 3683 quo
950 3618 1045 3664 tamen
1065 3610 1158 3680 ipottr

130 3717 186 3754 non
203 3719 317 3773 pronun
335 3708 413 3756 recte
431 3705 571 3773 explicato
588 3712 623 3760 tt.
660 3706 733 3758 Nam
753 3720 786 3756 ex
805 3719 839 3757 aa
857 3701 939 3757 uerbi
955 3700 1117 3767 minione,
1134 3718 1158 3772 qt

131 3799 236 3848 tractat
252 3814 280 3865 p.
299 3794 368 3859 Μ,
405 3798 503 3864 paullo
521 3799 599 3851 oltra
617 3798 687 3850 linet
709 3812 774 3849 auor
792 3812 943 3867 progreara
961 3797 1022 3848 beo
1040 3794 1158 3864 figurat

130 3889 172 3947 at,
191 3900 280 3956 oeque
296 3902 396 3940 cauata
412 3893 453 3951 et,
488 3906 540 3942 cur
557 3896 669 3944 tantam
688 3887 716 3941 in
734 3887 818 3941 certic
839 3887 1008 3957 quiburdaur
1030 3885 1158 3939 derbiae

129 3974 308 4029 breuiornrna
328 3977 471 4032 contentio
486 3981 580 4036 forma
598 3984 694 4035 locum
712 3981 826 4032 liabcat.
881 3981 963 4049 Apud
981 3978 1125 4031 neminen
1145 3994 1158 4029 r

131 4063 265 4118 Latinum
282 4063 374 4120 timile
391 4071 551 4139 reperietur·
569 4073 728 4141 exemplum
736 4071 942 4142 Xenophanto,
960 4071 1033 4142 qnod
1051 4089 1079 4140 p.
1095 4068 1152 4123 2⁶8

131 4154 188 4210 rit:
208 4174 246 4209 ων
261 4156 313 4225 μὲν
329 4155 376 4212 vir
393 4159 514 4230 λέγονται
535 4160 679 4234 λήψεσθαι
696 4158 726 4218 οἱ
742 4162 918 4235 στρατιῶται,
956 4159 1039 4218 eddelt
1056 4155 1145 4217 aiteio

131 4245 234 4304 todem
251 4244 329 4316 zdptr
346 4252 454 4319 εἴσεται,
473 4273 541 4322 noc,
567 4256 642 4330 qnod
665 4253 803 4327 Horatiae
821 4253 906 4308 dixit:
926 4237 1035 4321 iudice,
1058 4268 1112 4326 qao
1132 4269 1159 4305 at

128 4341 247 4408 populo,
272 4345 488 4411 poteratetiam
505 4348 614 4403 diceret
640 4347 746 4408 iudice,
766 4345 1066 4417 protosecretae,
1103 4358 1159 4411 m

292 4562 298 4571 ,
318 4530 333 4561 o
721 4526 738 4555 ο
