2706 5018
508 347 746 416 EXCURSUS
771 348 847 415 Vll.
1157 354 1218 416 sul

196 550 233 602 Bt
254 565 287 601 er
306 546 406 601 stodilo
426 551 454 599 et
475 563 508 599 er
532 547 644 616 rcriptir
662 544 822 600 Arietotelie
842 545 898 597 alie
918 545 1008 615 magia
1035 546 1069 599 arl
1097 563 1220 602 rummne

126 652 293 721 qtreetionee
313 649 500 721 philosophie
517 648 709 706 eubtilireume
727 648 1134 721 persequendmpertineume,
1153 651 1221 716 alia,

125 774 187 826 qnae
206 755 235 808 in
262 755 326 808 uita
346 755 477 809 humane
495 754 757 824 actiouereliueque
770 752 892 823 publicio
910 759 940 807 et
958 752 1077 824 priuatis
1095 761 1220 808 coutem-

126 860 239 930 planelie
264 860 461 925 aemulantur,
486 865 544 913 iam
572 861 609 913 ab
636 859 688 912 illa
712 857 876 912 errbtilitate
893 856 1021 912 nonnihil
1040 856 1222 912 declinabant

124 965 193 1029 (cir.
212 965 279 1017 utu
298 964 449 1019 oeuieom.
466 965 493 1028 1,
511 964 531 1018 ὃ
549 965 621 1028 etll,
639 962 680 1028 2),
701 962 849 1033 magisque
865 963 934 1028 iam,
952 979 1012 1031 qne
1029 962 1222 1016 adleirtorinm

126 1077 154 1122 et
172 1085 269 1122 rerum
287 1083 303 1119 ι
322 1074 425 1122 nutare
436 1074 596 1121 creatarum
614 1066 829 1138 descriptionem
840 1067 1223 1137 pertinebuntmtccteumt

124 1172 279 1236 rhetorica,
286 1174 349 1225 turn
358 1178 389 1225 ut
399 1171 522 1239 uidetur,
536 1173 565 1225 in
577 1172 699 1244 dialogis
707 1190 802 1226 rerum
814 1174 849 1226 ati
859 1173 921 1227 uite
931 1174 1069 1227 actionem
1079 1171 1222 1240 pertinen·

125 1277 196 1329 tium
209 1275 372 1346 populeriue
390 1271 499 1346 scriptae
511 1276 705 1345 expositiones.
737 1279 860 1342 Horam,
879 1296 964 1348 quom
984 1279 1144 1341 ederentur,
1161 1276 1221 1329 alia

125 1381 240 1435 facilius
260 1388 288 1435 et
306 1381 341 1434 atl
361 1380 452 1448 pierio
470 1382 595 1451 euegeta
613 1398 689 1445 erre,
708 1381 767 1434 alia
780 1381 861 1436 initio
881 1399 935 1435 uon
955 1384 1017 1436 fere
1038 1379 1089 1436 uiri
1109 1382 1220 1444 adeor,

125 1487 176 1555 qui
194 1485 394 1556 philosophum
409 1482 501 1554 iprum
514 1485 599 1538 rimul
611 1483 745 1538 audirent
763 1485 953 1551 neminemne,
971 1486 1057 1541 facila
1075 1486 1220 1557 intellegi·

126 1597 181 1644 tur.
219 1590 386 1644 Aristotelen
404 1606 495 1658 neque
513 1589 673 1659 generatim
684 1591 772 1643 libror
785 1607 850 1643 enee
869 1590 1016 1661 rleecriprit
1032 1608 1123 1662 neque
1135 1608 1218 1662 quoe-

125 1697 191 1748 rlam
211 1697 338 1748 occulto·
362 1694 479 1757 hebuit,
515 1693 568 1745 uiri
593 1695 666 1764 quod
690 1694 820 1748 nonnulli
853 1711 908 1748 non
934 1695 1066 1750 celeriter
1098 1694 1221 1748 coniecti

124 1802 199 1853 eunt.
230 1799 285 1869 Qui
306 1799 381 1868 apud
401 1798 492 1867 ipsam
512 1795 662 1869 ἓξωτιρικοὶ
680 1794 754 1870 λόγοι
763 1807 1021 1865 conmemorantur,
1042 1798 1061 1851 ii
1080 1817 1134 1852 non
1153 1797 1219 1852 libri

125 1912 201 1969 rant,
219 1904 266 1957 ren
286 1919 450 1958 communen
470 1901 618 1954 hominnm
639 1904 819 1959 nonrutlinm
837 1911 916 1957 extra
938 1906 1221 1958 rclrolamrermoner

126 2007 320 2078 notioresque,
337 2013 366 2060 et
381 2007 437 2064 teir
455 2002 525 2062 ιιοιοί
545 2002 705 2078 φιλοσοφίαν
721 2006 810 2078 λόγοις
830 2008 965 2062 contrarii
983 2015 1125 2079 ponuntur
1138 2010 1219 2075 (ultr.

126 2111 233 2166 uicem.
254 2112 288 2175 l,
310 2111 362 2178 8),·
400 2128 499 2163 eorum
520 2110 692 2165 mentionem
712 2111 878 2166 Aristotelen
895 2113 968 2166 iacit
985 2122 1034 2167 aut
1053 2112 1222 2166 terliticanrli

126 2232 226 2270 cauma
243 2212 378 2284 (καθάπερ
396 2212 575 2288 διαιρούμεθα
593 2221 637 2269 κοιλ
656 2214 685 2270 ἐν
701 2218 755 2273 roi'e
773 2215 935 2287 ἐξωτερικοῖς
955 2215 1043 2288 λόγοις
1060 2216 1126 2269 Etlr.
1145 2217 1218 2269 llutl.

126 2322 149 2385 Ι,
167 2321 204 2384 l;
221 2325 268 2373 uel
284 2317 335 2390 yoip
353 2319 448 2374 ἕντοῖς
469 2317 633 2387 ἕξωτερικοῖο
650 2317 741 2390 λόγοις
766 2317 943 2390 διοριζόμεθα
966 2328 1027 2391 περὶ
1054 2317 1141 2375 αι’-τοῖν
1154 2319 1219 2377 πολ-

126 2421 201 2478 λάκις
219 2422 303 2478 Polit.
322 2430 373 2488 111,
391 2425 423 2489 4)
443 2430 493 2476 aut
511 2429 544 2476 ut
562 2440 609 2477 eor
628 2423 655 2477 in
677 2441 796 2491 preren·
810 2425 943 2477 euificere
961 2432 989 2477 et
1008 2424 1143 2476 tenendos
1161 2440 1221 2477 eree

125 2528 218 2591 dieat,
257 2544 342 2597 quom
369 2528 502 2581 rubtiliue
533 2544 595 2580 rem
615 2526 762 2597 exquirere
781 2544 836 2579 non
855 2534 939 2582 uacet
956 2527 1037 2596 (Eth.
1058 2526 1220 2582 alliieom.

125 2631 296 2700 x111,1).¹)
334 2630 390 2685 set
407 2637 502 2685 tomen
521 2647 554 2683 er
572 2631 659 2684 heinr
676 2628 876 2702 appellationis
894 2631 969 2684 ialra
987 2629 1221 2701 interpretatione

124 2738 198 2809 apud
215 2735 395 2807 porteriorer,
413 2753 498 2806 quom
517 2734 624 2804 scripte
640 2737 767 2806 quiedam
784 2733 938 2805 rignificuri
957 2733 1045 2805 ipeiue
1063 2735 1221 2789 Aristotelio

124 2847 307 2913 putarentur,
326 2839 412 2894 iacile
425 2847 521 2894 autem
536 2840 698 2909 adpareret,
717 2840 758 2893 rie
775 2839 917 2892 nominari
925 2835 984 2894 τοὶς
992 2836 1030 2903 ἐξ.
1038 2833 1134 2909 λόγοις,
1152 2838 1220 2892 utin

125 2947 159 3001 iir
178 2947 261 3000 nulla
277 2942 409 2998 rebellior
422 2961 517 2997 rerum
535 2945 719 3014 pertractatio
735 2949 896 3015 poneretur,
916 2941 1016 2997 tliaieio
1034 2950 1094 2996 tota
1109 2949 1173 2997 orta
1187 2950 1221 2997 et.

125 3047 281 3106 Etediauit
298 3066 422 3106 errorem
441 3066 547 3120 megae
565 3048 734 3119 scriptorum
744 3046 1075 3110 Arietatelirtliuereitar,
1095 3048 1220 3103 tumelii·

144 3368 167 3422 t)
181 3366 251 3412 liene
265 3365 327 3410 zeni
345 3368 370 3410 et
383 3365 505 3412 Micheleti
519 3363 750 3419 interpretationem,
767 3363 791 3407 in
806 3375 874 3420 qnam
888 3365 943 3408 elim
957 3361 1081 3409 zelilernr
1095 3362 1220 3421 lneirlerat,

179 3456 228 3487 non
243 3442 321 3486 nereio
336 3455 351 3487 a
364 3442 472 3489 Krieelelo
488 3443 608 3488 contietanr
622 3440 749 3497 appellari3
767 3455 811 3485 nee
825 3445 903 3487 tamen
918 3442 1004 3497 dubito,
1020 3440 1075 3496 puin
1090 3453 1119 3485 ee
1133 3440 1182 3484 nola
1196 3445 1221 3484 et

179 3518 318 3562 reetlernrne
333 3531 347 3561 e
363 3519 443 3563 nerbir
463 3520 592 3564 eelleiatur.
632 3516 734 3562 liriaeleil
753 3519 906 3574 sententian,
934 3520 974 3576 qni
993 3519 1067 3579 ipelnt
1084 3515 1222 3561 Arietotelir

179 3595 350 3652 dirputntioner
370 3594 446 3638 minue
464 3596 495 3640 erl
515 3592 666 3653 philoroplrln
685 3594 837 3640 rubtilitetem
850 3595 956 3648 liniatur⁸
983 3597 1035 3642 eine
1054 3595 1154 3651 reciptet·
1169 3592 1221 3637 rinc

180 3684 229 3715 nen
245 3670 361 3727 accipter,
382 3671 507 3728 intellegit,
527 3685 623 3730 prorenr
645 3673 734 3718 euertit
758 3677 783 3718 et
804 3673 826 3717 ir
841 3673 930 3728 molor,
954 3686 999 3730 qno
1016 3671 1158 3718 Arietoteloe
1179 3668 1221 3713 loe

182 3739 273 3813 λόγους
292 3740 460 3814 ἕξωτερικοίς
477 3748 627 3803 testificatur,
641 3752 666 3792 et
679 3761 735 3793 uene
750 3749 870 3805 loquendi.
890 3751 974 3805 Neque
989 3749 1052 3793 enlm
1066 3736 1221 3808 ἐξωτερικόν

181 3840 226 3885 per
246 3840 273 3871 ro
295 3833 317 3872 ιι
335 3815 367 3872 τι)
384 3815 432 3873 min
452 3819 673 3889 ἕξηκριβωμλνον,
692 3827 733 3870 red
748 3826 875 3882 quodcum
890 3824 927 3876 iir,
944 3837 994 3880 que
1009 3831 1077 3870 extre
1090 3831 1153 3878 erent,
1167 3838 1221 3869 eon-

180 3903 285 3948 lnnetum
300 3908 330 3948 rt.
360 3904 425 3949 Mirr
441 3911 465 3950 et
479 3906 597 3962 multiplex
612 3900 742 3948 ertStelrri
758 3899 934 3955 interpretatio,
964 3899 1004 3955 qul
1019 3913 1033 3944 e
1050 3901 1153 3946 Welrrin
1174 3902 1222 3954 (nol

182 3979 258 4036 potine
278 3978 421 4032 ltleeobuno)
442 3981 547 4038 quadam
571 3978 689 4026 mutuetur
717 3979 815 4038 primurn
838 3970 916 4034 ἓξοιτ.
935 3969 1025 4041 λόγους
1051 3982 1141 4024 tanturn
1174 3977 1222 4021 elin

180 4054 269 4111 certpa
282 4060 353 4111 atque
368 4057 400 4112 iu,
414 4057 474 4114 qnod
492 4070 553 4100 nune
566 4057 670 4114 legatur,
685 4055 815 4113 significari
830 4061 897 4114 putat
909 4056 978 4113 (qnorl
994 4055 1060 4101 uerbi
1077 4056 1114 4100 nie
1129 4054 1222 4099 omuino

181 4133 263 4186 uetat),
285 4131 369 4176 ‹leintie
386 4133 474 4190 aeripta
488 4133 517 4177 acl
533 4138 621 4178 certam
635 4133 750 4189 quendam
764 4133 886 4177 materiam
900 4133 994 4190 proprie
1009 4145 1054 4176 non
1069 4130 1223 4188 pertinentia.

181 4212 299 4266 portrene
313 4209 352 4262 (cd
366 4209 485 4265 nolperem
499 4211 641 4254 uertentium
663 4210 781 4261 relabenti
801 4208 891 4264 rcrtpta
910 4208 1032 4266 popularier
1050 4211 1074 4251 et
1095 4207 1124 4253 erl
1146 4206 1222 4263 iprum

180 4284 309 4342 dineipliae
325 4284 461 4341 conplexum
487 4298 532 4329 non
552 4287 702 4341 pertineatir.
