2706 5018
365 356 429 421 ET
453 355 564 423 tttAL.
587 356 671 421 Llll.
696 357 727 422 ll
752 357 847 421 Cdl'.
872 362 922 421 15.
1135 366 1198 424 22⁸)

102 548 354 615 tsubicienda
386 555 563 615 sententio.
620 552 663 617 Ut
695 555 781 616 enim
816 554 1017 617 consuetudo
1043 553 1196 639 loquitur,

102 670 106 721 t
127 658 243 721 solum
275 658 409 721 dicitur
434 657 625 735 honestum,
658 661 743 745 quod
770 674 818 722 est
843 660 991 746 populari
1016 661 1102 724 strum
1124 662 1196 747 glo-

102 765 218 828 iosum.
275 764 406 844 Quot,
439 766 567 850 inquit,
599 788 793 851 qumuqtmm
814 766 1040 852 uoluptatibus
1063 766 1196 853 quibus·

102 892 151 933 utu
173 884 206 932 st
233 892 347 952 saepe
384 870 575 947 iucundius,
622 886 730 935 tumen
754 875 922 957 expetitur
945 887 1076 957 propter
1101 874 1195 936 uolu-

102 988 218 1061 ptatem.
257 980 320 1039 49·
348 975 508 1053 Uidesne‚
527 1000 623 1062 quum
643 981 685 1040 sit
701 1001 820 1063 ruugua
840 980 1001 1043 dissensio
1016 980 1025 1041 l
1040 980 1196 1043 Philoso-

102 1082 169 1169 rbus
204 1082 358 1161 nobilio,
402 1105 423 1145 a
449 1105 513 1168 quo
537 1105 600 1146 uon
626 1084 731 1148 solum
758 1084 897 1169 Graecia
921 1100 953 1149 et
976 1085 1092 1163 ltalia,
1137 1088 1192 1149 sed

109 1191 186 1255 uam
209 1191 325 1254 omnis
349 1187 503 1252 barbaria
528 1204 746 1268 conmotam,
781 1192 953 1256 honestum
976 1194 1051 1279 quid
1074 1194 1138 1271 sit,
1166 1196 1192 1255 si

113 1296 211 1361 iluon
235 1299 282 1359 sit
309 1297 343 1357 in
368 1294 557 1377 uoluptate,
592 1312 690 1381 negut
713 1320 748 1361 se
773 1300 990 1385 intellegere,
1022 1301 1084 1361 uisi
1109 1300 1193 1362 sorte

116 1398 191 1481 itit,
239 1402 331 1487 qnod
364 1401 586 1465 multitudinis
609 1426 740 1467 suntote
766 1406 929 1469 laudetur.
979 1407 1051 1491 Ego
1073 1420 1193 1483 nutem,

116 1502 157 1573 loe
178 1512 280 1573 etium
307 1522 403 1589 turpe
428 1531 502 1572 esse
527 1532 626 1595 saepe
652 1512 777 1589 iudico,
819 1526 869 1591 et,
891 1515 919 1575 si
945 1512 1073 1597 quaudo
1099 1525 1192 1593 turpe

102 1634 159 1705 ¹teu
180 1620 235 1693 sit,
260 1630 330 1679 turu
356 1636 516 1679 essenon
539 1630 643 1702 turpe,
670 1640 766 1702 quom
789 1619 818 1681 id
844 1642 862 1681 a
888 1617 1098 1682 multitudiue
1122 1617 1192 1680 luu-

124 1782 398 1842 ›quterrtamttcmss
479 1784 514 1828 lb.
529 1784 622 1837 nubilio)
637 1784 804 1838 nobtebtJ‘rE
852 1784 992 1841 quidlquott
1006 1784 1025 1827 E
1073 1784 1191 1833 tautecurt

106 1856 211 1905 bactri·
225 1860 353 1915 (bibliot.
383 1862 447 1911 eure)
463 1872 507 1903 um.
523 1860 543 1903 E
571 1868 619 1905 tum
635 1862 699 1911 estre]
713 1868 796 1903 tamen
812 1862 894 1904 euell
908 1868 960 1903 tum
975 1872 1023 1902 nou
1038 1860 1191 1903 eicerentur.

104 1940 173 1983 bru
187 1951 234 1981 uon
252 1949 307 1981 erre
322 1934 383 1977 bre

104 2090 133 2127 σι
147 2078 174 2129 rri
192 2082 242 2129 sut
262 2074 358 2127 colum
377 2076 427 2127 sub
447 2094 487 2128 ca.
540 2077 599 2128 lum
626 2084 775 2145 perspectu
795 2076 823 2127 in
845 2075 890 2128 bio
911 2074 980 2128 loris
1001 2080 1028 2127 ct
1048 2074 1191 2127 Ciceronis

105 2184 173 2223 nore
190 2180 217 2222 et
238 2168 425 2221 librariorum
448 2186 562 2229 errorc,
600 2186 681 2222 nemo
702 2170 824 2238 prudens
845 2167 989 2221 dubitubit
1007 2186 1058 2237 pro
1078 2168 1192 2237 Quinet.

110 2260 138 2315 lb
151 2272 176 2315 ct
192 2280 245 2333 pro
265 2262 350 2314 tiemo
368 2259 405 2313 52
423 2261 556 2329 (qururum
574 2262 734 2314 orationum
757 2261 856 2330 quoles
874 2260 984 2313 codices
1003 2267 1030 2313 et
1049 2261 1189 2329 qmmrodo

107 2354 197 2407 minti
215 2352 286 2416 siut,
324 2364 422 2405 uotum
441 2358 481 2419 st)
508 2372 570 2406 cum
599 2352 800 2422 Wesenbergiu
826 2352 936 2405 tinente
962 2352 1121 2406 utlieetionc
1140 2354 1189 2404 rub

110 2460 240 2513 putorem
259 2446 358 2497 lucere
375 2464 427 2514 uro
450 2464 501 2510 co,
521 2446 593 2516 quod
614 2446 723 2509 editur,
743 2446 791 2499 cub
807 2462 953 2513 prteeoue‚·
989 2462 1040 2497 uec
1058 2462 1075 2497 u
1088 2446 1189 2498 ceteris

112 2526 273 2603 brisbuur,
313 2554 331 2590 a
355 2555 410 2606 quo
437 2536 554 2607 digressi
584 2556 695 2603 sumus,
736 2539 874 2607 seiunget.
929 2539 1011 2606 rlpud
1034 2536 1187 2606 Uirgilium

102 2626 198 2701 Suq.
217 2630 259 2693 ll,
297 2630 332 2682 lb
350 2631 461 2695 (laurus
483 2630 577 2683 Puruu
603 2632 651 2683 turb
671 2632 780 2701 lugenti
797 2632 894 2682 enutrio
914 2646 943 2679 se
962 2630 1061 2681 subicit
1081 2632 1188 2697 umbrat

118 2720 221 2775 tlntute
239 2721 342 2775 dicitur
362 2723 542 2785 secubuere,
562 2724 589 2776 itl
612 2730 662 2788 esi,
684 2740 810 2791 surgere,
830 2740 961 2783 erescere,
981 2724 1111 2773 ertottne
1130 2742 1188 2775 sese

119 2810 281 2875 torretorre
297 2816 416 2883 aliquem
434 2818 463 2867 r'u
482 2824 597 2888 ermom),
618 2816 666 2868 sub
688 2817 782 2869 umbro
802 2834 852 2884 prr
866 2831 895 2865 ec
915 2813 1094 2881 adiungitur:
1115 2822 1189 2867 tectu

102 2902 195 2961 lurein
211 2911 322 2963 umbre.
358 2910 446 2961 liccte
468 2907 524 2961 ium
542 2910 670 2962 Seruius.

173 3000 202 3053 t't
218 3002 286 3055 enirn
305 3002 475 3054 cousuetudo
496 3004 630 3071 quuitur)
667 3002 702 3054 tJt
722 3000 795 3052 solet
814 2996 970 3067 Epicurus,
1010 3013 1025 3045 e
1047 2996 1187 3048 rtuunruni

126 3090 179 3161 rugi
194 3096 303 3148 notione
325 3102 352 3147 et
374 3112 425 3147 usu
445 3095 522 3148 uocis
541 3095 683 3149 rotidiunu
706 3098 906 3162 argumentum
926 3088 1011 3142 ducit.

170 3186 204 3239 lb.
238 3188 265 3240 si
281 3188 381 3239 iel-non
400 3189 435 3238 sit
458 3216 491 3228 -
515 3190 655 3251 laudetur)
677 3186 744 3237 lude
763 3200 779 3235 a
800 3184 895 3244 Cret„
920 3184 1041 3253 exeeptis
1059 3182 1187 3235 blitnutiu

127 3276 284 3345 ttbtmbino,
302 3280 457 3332 edebatur:
479 3280 505 3329 ri
522 3282 551 3331 id
570 3296 621 3331 uon
644 3285 683 3329 est
705 3306 738 3316 -
761 3276 901 3327 laudetur.
938 3276 1025 3327 Gnius
1043 3260 1187 3345 turuquiuu

126 3370 207 3441 istrie.
234 3383 262 3428 rt
290 3374 350 3425 Eri.
377 3372 540 3435 reuoeuuit,
580 3372 654 3441 quud
684 3370 710 3422 iu
739 3370 862 3439 untiquis
888 3370 1057 3424 editionibus
1085 3370 1186 3431 (etium

123 3450 191 3531 bnt}
208 3467 304 3519 iuerat
322 3466 453 3535 (quodque
473 3464 515 3517 illi
540 3472 707 3525 terrueruut,
727 3465 868 3517 inritatur.
923 3466 965 3517 Dc
983 3463 1083 3527 cetu,
1106 3470 1136 3514 ut
1155 3480 1188 3513 cr

111 3542 157 3609 Iti
178 3566 270 3629 petet,
308 3559 436 3621 errauit,
479 3558 533 3610 bue
552 3558 745 3615 transferens,
783 3559 857 3627 quod
877 3558 974 3627 paullo
992 3562 1055 3625 post
1076 3556 1188 3617 (uute‘u

102 3650 195 3717 ¹hltir)
214 3653 356 3723 seriptum
376 3658 456 3709 erute
477 3650 519 3703 illi
542 3646 751 3702 corriunrtiuom
774 3666 838 3703 curn
859 3650 958 3703 ceteris
977 3654 1101 3702 tuentur.
1138 3646 1187 3698 dt-

102 3748 149 3811 ’μ
162 3744 183 3796 it
199 3746 269 3799 erico
290 3742 470 3798 necessarius
489 3746 530 3796 est
557 3742 583 3794 iu
603 3742 658 3794 bec
678 3741 957 3809 ulicuaescntentitr,
977 3760 994 3795 u
1013 3756 1069 3809 quo
1087 3738 1187 3790 Cicero

104 3822 253 3909 &arunte
272 3838 433 3900 obhorret,
471 3854 522 3905 per
540 3834 685 3902 oliliquum
711 3834 870 3888 orationem
897 3832 1120 3906 significatione,
1157 3838 1187 3881 ut

102 3944 141 3983 Π
162 3931 314 3989 dubitarim
345 3930 437 3983 otium
460 3930 497 3981 eit
521 3946 573 3998 pro
600 3934 641 3979 est
676 3943 823 3996 reponere.
880 3930 953 3983 Nam
990 3928 1066 3997 quod
1101 3922 1186 3975 (icius

102 4036 181 4097 Ιμο
197 4046 262 4081 tum
281 4018 411 4093 strepitu
430 4021 530 4085 docet,
560 4020 710 4089 {sortiendis
728 4020 784 4071 nisi
795 4022 875 4083 sorte
893 4019 1076 4075 irrtlicutiuom
1095 4016 1187 4069 subici

102 4116 175 4185 dere,
194 4138 230 4177 rre
246 4116 335 4195 pueri
357 4112 488 4185 quictem,
511 4112 534 4167 si
557 4112 643 4165 modo
662 4110 851 4166 tolerabiliter
870 4110 990 4167 instituti
1009 4116 1084 4173 suut,
1104 4108 1185 4177 iguo-

102 4220 149 4279 ΙΙ,
166 4214 192 4269 iil
209 4216 246 4271 nd
265 4204 493 4269 coniunctiuom
507 4206 543 4259 eb
562 4204 650 4259 ulium
669 4220 797 4259 corrosum
816 4204 937 4277 oblique
956 4200 1092 4262 orationi·
1111 4198 1185 4265 ptiri-

102 4322 133 4363 Ι
147 4310 217 4365 ritrtt
235 4302 407 4383 pertinere.

136 4410 168 4467 rt,
187 4406 214 4459 rr'
229 4398 356 4477 quaudo
380 4400 535 4461 tur-penori
556 4392 591 4444 sit
611 4390 679 4461 dre.)
697 4390 843 4447 Sententia
872 4409 946 4447 nunc
970 4392 995 4441 et
1030 4388 1128 4453 unerttt
1159 4388 1187 4434 et
