2706 5018
125 338 186 400 142
474 330 535 394 ue
552 280 735 397 'sturnus
757 328 860 395 uon.

125 532 317 621 disseritur,
362 529 557 603 conueniat,
603 527 680 612 quid
712 529 754 589 sit
778 525 829 603 id,
875 525 915 588 de
939 545 1004 609 quo
1027 523 1204 589 disseratur

215 635 257 698 ΙΙ.
286 637 318 696 t.
342 632 414 696 Hoc
427 635 569 719 positum
581 635 614 696 iu
627 632 777 697 Phaedre
790 654 809 694 a
822 628 961 694 Platone
975 628 1132 717 probauit
1142 631 1204 719 Epi

127 764 236 821 eurus,
250 742 428 824 sensitque,
449 741 482 801 in
497 743 585 803 omni
597 741 818 825 disputatione
831 732 862 799 it
877 733 951 799 fieri
964 750 1132 823 oportere.
1156 738 1204 803 Su

128 849 211 936 quod
235 868 433 934 proxumum
456 845 534 923 fuit,
583 867 647 908 non
680 846 772 907 uidit.
842 841 953 929 Negat
975 845 1066 907 euim
1090 841 1204 908 definiri

126 978 195 1019 rem
218 954 368 1041 plaeere,
391 955 544 1037 sineque
566 948 639 1014 fieri
662 951 825 1016 interdum
847 971 912 1012 neu
936 962 1058 1033 potest,
1081 963 1117 1014 ut
1136 953 1204 1013 inter

127 1083 201 1141 eos,
233 1063 288 1146 qui
313 1058 503 1145 ambigunt,
528 1060 721 1136 conueniat,
751 1056 828 1141 quid
847 1058 890 1119 sit
915 1056 965 1135 id,
990 1055 1031 1119 de
1055 1078 1119 1141 que
1140 1076 1204 1142 egs-

128 1181 201 1244 tur3
226 1165 318 1230 uelut
341 1169 373 1229 in
401 1167 462 1229 hoe
483 1168 567 1251 ipso,
590 1165 630 1227 de
653 1186 716 1249 quo
741 1184 826 1225 nrrnc
849 1162 1067 1246 disputamus.
1110 1160 1204 1238 Quas·

128 1275 228 1336 rimus
252 1275 336 1335 enim
363 1270 460 1334 linem
485 1270 663 1345 benorum;
684 1291 899 1357 possumusne
920 1271 1018 1346 seire,
1040 1265 1101 1331 hoe
1121 1266 1198 1354 quale

181 1442 203 1484 t.
221 1441 365 1496 proxumum)
375 1439 483 1494 primum
497 1437 518 1480 li
546 1437 617 1493 seire,
631 1435 682 1491 lies)
697 1437 742 1482 lue
754 1438 821 1483 seire
835 1435 856 1478 ll

129 1593 204 1661 spurt
225 1590 455 1657 iurisconsultus,
492 1591 542 1663 qui
563 1589 649 1645 etiam
683 1591 774 1643 uerbo
800 1590 1001 1659 proescribeads'
1026 1589 1067 1643 sie
1091 1593 1194 1651 utusttu,

129 1686 350 1755 appellabantur
368 1683 429 1754 ipsa
447 1685 518 1746 illa,
545 1702 606 1754 qua
630 1684 761 1736 formula
780 1683 1038 1753 preponebantun
1068 1688 1097 1735 ut
1114 1693 1193 1749 eapt-

128 1777 222 1830 titorir
241 1793 358 1839 caussa,
393 1795 429 1829 ne
448 1777 576 1829 formula
595 1776 727 1836 caderet,
754 1776 789 1827 tul
809 1793 871 1829 eam
891 1791 974 1835 rem,
996 1791 1058 1844 qua
1076 1776 1196 1844 agerem,

128 1870 234 1923 eertius
254 1870 536 1933 adcommodaretur3
575 1868 632 1922 uiti.
654 1868 708 1921 Gai
729 1865 830 1921 lnstitt.
850 1867 888 1918 lV
916 1864 1085 1934 §let-les,
1117 1875 1198 1917 ears!

129 1980 280 2016 commune
300 1960 411 2015 initium
432 1969 510 2014 erate
529 1979 562 2013 eu
580 1979 625 2013 res
642 1968 762 2030 agatur-3
791 1967 850 2013 tum
868 1959 1044 2028 sequebatur
1062 1956 1102 2010 rei
1117 1950 1200 2009 tetd-

131 2056 179 2109 tie.
236 2055 375 2123 Exempla
397 2053 485 2106 Gaius
513 2055 606 2107 multa
624 2056 741 2124 profert.
795 2051 976 2116 (liirlrsenius
994 2050 1022 2102 in
1044 2047 1130 2112 libre,
1159 2036 1203 2115 qil

129 2145 311 2199 inscribiture
332 2145 476 2197 Versuclre
495 2145 568 2198 tiber
585 2146 631 2199 tlie
650 2147 773 2215 Quellen
792 2145 840 2196 ties
852 2141 1012 2211 rimiseheu
1025 2143 1136 2205 Rechts,
1149 2132 1204 2210 p!

129 2256 185 2292 neu
202 2237 270 2291 satis
288 2237 346 2290 lroee
365 2238 456 2289 uerita
474 2232 511 2290 alr
530 2237 564 2290 iis
581 2236 747 2309 distinguit,
767 2236 936 2307 quinalium
956 2235 1102 2289 habebant
1119 2240 1204 2285 mm

130 2348 184 2403 qua
203 2331 237 2383 de
257 2347 288 2382 re
306 2329 426 2399 agitur).
471 2330 526 2382 llla
544 2330 606 2400 ipsa
624 2331 714 2383 uerba
733 2330 832 2383 Cicero
853 2328 947 2399 ponit,
984 2330 1101 2397 uultque
1117 2324 1141 2378 ir
1154 2321 1204 2375 iis·

129 2422 278 2494 putatiene
296 2419 382 2476 simili
401 2423 485 2476 medo
505 2420 664 2489 prescribi,
704 2422 760 2475 lroe
779 2429 838 2483 est,
874 2420 998 2490 primum
1018 2419 1089 2472 <licie
1124 2420 1204 2469 erm

130 2522 253 2584 agatur,
272 2497 438 2583 ceteraque,
474 2532 533 2585 qua
553 2516 588 2567 ad
609 2533 642 2568 eu
661 2516 752 2568 uerlm
774 2515 913 2584 explentia
929 2510 1088 2584 pertinent,
1106 2512 1204 2579 queqfll

130 2606 188 2661 illis
206 2605 422 2675 significantur,
441 2606 619 2677 significatur
641 2615 736 2661 autem
758 2604 884 2658 delinitio
903 2604 961 2668 rei,
980 2604 1016 2655 (le
1034 2619 1090 2672 qus
1108 2605 1204 2671 agrem

131 2695 246 2752 Retirui
265 2705 358 2752 tamen
378 2717 443 2750 eum
465 2698 588 2769 optumis
605 2700 686 2753 codd.
713 2706 833 2767 agetur,
870 2697 945 2767 quod
972 2704 1078 2765 agatur
1101 2689 1204 2748 marito·

130 2798 204 2844 stum
224 2797 249 2844 st
268 2797 363 2843 ortum
386 2808 446 2843 asse
465 2808 497 2843 ex
524 2791 691 2860 precedenti
716 2799 764 2854 ut‚·
803 2790 865 2842 lieri
884 2787 958 2841 enim
978 2795 1086 2859 petest,
1122 2792 1202 2840 uta!

131 2884 288 2955 antiquitus
307 2882 448 2936 interdum
468 2883 594 2936 lurmula
621 2883 706 2936 aliter
733 2889 868 2952 conceptu
887 2878 922 2934 sit
940 2887 990 2933 aut
1009 2880 1107 2934 cicero
1124 2893 1177 2932 um
1198 2882 1204 2919 Ι

133 2975 260 3044 praetoris
281 2974 405 3029 iubentis
427 2976 555 3028 oratione
575 2976 753 3029 transtulerit
772 2977 809 3028 atl
829 2973 1066 3045 philesuplmrum
1085 2971 1204 3024 dissere!

131 3066 203 3120 tium
222 3065 370 3119 rationem.
426 3068 535 3120 Paulus
555 3065 633 3121 Diae.
654 3070 689 3120 tle
716 3067 788 3121 notis
806 3069 862 3124 eel.
882 3067 952 3120 1507
972 3066 1109 3121 Gethelr.
1142 3058 1204 3116 ΒΒι

132 3157 268 3229 explicate
311 3174 343 3210 ea
362 3175 407 3209 ret
425 3159 514 3227 igitur
531 3161 666 3231 (agitur).
705 3159 831 3213 Orellius
850 3177 948 3213 ueram
970 3159 1155 3229 scripturam,
1169 3164 1204 3207 σί

132 3251 217 3304 etiam
237 3249 291 3302 Gai
312 3251 402 3302 uerba
428 3251 575 3321 ascripsit,
610 3252 651 3305 sie
667 3251 895 3322 interpungendo
913 3249 1060 3304 distraxite
1095 3254 1204 3319 pressa*t

132 3343 194 3394 bere
212 3342 291 3393 debet
310 3343 355 3404 (ut
373 3343 536 3412 quibusdam
554 3343 581 3394 in
596 3344 730 3409 formulis
749 3344 799 3396 EA
818 3343 892 3395 ltus
911 3342 1103 3407 AGATUR),
1120 3346 1150 3394 at
1163 3336 1204 3393 ἅ·

202 3434 270 3500 Cap.
290 3439 327 3496 ll,
348 3434 373 3485 l.
410 3435 438 3485 in
457 3436 590 3504 Plroetlru)
611 3457 639 3505 p.
656 3434 709 3489 237
728 3437 767 3488 B:
788 3433 978 3505 aspirante,
996 3427 1018 3490 ὦ
1036 3437 1094 3502 παῖ,
1110 3422 1204 3504 pls&

133 3521 166 3593 χὴ
183 3528 237 3580 τοῖς
254 3523 376 3593 μέλλουσι
394 3520 479 3584 καλῶς
496 3524 686 3598 βουλιῦεσθαι·
707 3523 805 3582 εἰδέναι
824 3525 867 3581 δεῖ
882 3517 985 3597 ereptori
1002 3521 1041 3593 riis,
1066 3517 1117 3601 ᾖῆ
1132 3514 1204 3597 βονῙᾹ

131 3609 268 3683 insertis
286 3611 452 3685 ἁμαρτάνειν
472 3616 584 3691 ἀνάγκη.
622 3623 664 3673 lle
681 3621 807 3690 Epicuro
826 3619 885 3672 uid.
904 3621 933 3683 l,
954 3617 999 3675 29.
1041 3618 1204 3672 neustrios«

131 3707 279 3761 sustulisse
296 3708 399 3763 dieitur
418 3711 447 3774 l,
465 3710 512 3762 22.
557 3713 657 3765 Nullus
678 3713 752 3765 enim
774 3713 846 3766 alius
865 3713 1023 3782 probabat,
1051 3711 1104 3766 nisi
1121 3710 1204 3784 quill!

132 3800 354 3869 exprimeretur,
384 3802 451 3870 quiri
471 3802 573 3855 inesset
590 3802 618 3856 in
638 3805 782 3857 cummuni
802 3803 950 3857 hominum
972 3803 1105 3868 notione,
1140 3804 1203 3872 lth!

132 3888 191 3942 sine
214 3892 273 3943 tillo
292 3892 432 3963 singulari
459 3894 579 3948 artificio
605 3896 724 3965 reperiri
743 3914 824 3968 pesse
842 3897 970 3966 putabet.
1027 3895 1084 3949 Setl
1103 3888 1204 3967 quill

133 3981 268 4035 Cicerone
288 3985 430 4053 dicemus,
466 3984 513 4055 qui
540 4004 594 4039 non
617 3988 738 4053 sentiat,
774 3987 865 4058 ipsam
884 3987 1029 4041 notionem
1049 3987 1116 4041 ltoui
1134 3982 1204 4041 teli

132 4073 191 4126 suis
210 4075 291 4128 libris
310 4095 449 4149 nusquam
468 4080 504 4130 ub
524 4079 635 4149 origine
656 4097 709 4134 sua
729 4077 865 4150 explicari
885 4088 913 4132 et
930 4078 1015 4132 certis
1033 4078 1140 4133 tinibus
1156 4094 1204 4133 ess

132 4167 296 4236 prehendit
335 4169 391 4240 lpri
424 4170 470 4222 illi
498 4170 693 4225 definitionum
720 4171 843 4226 artitiers
870 4171 977 4235 Stoici,
1014 4171 1082 4223 dum
1111 4168 1204 4242 sisgsl

132 4259 229 4313 uerbis
246 4259 404 4324 deliniunt,
424 4262 513 4332 ipsam
533 4262 592 4315 uim
612 4265 801 4335 multiplicem
820 4262 969 4316 notionum
987 4262 1014 4315 in
1034 4261 1080 4315 liis
1096 4258 1204 4332 qudi!

134 4348 214 4404 uibus
235 4353 378 4406 intertium
397 4372 452 4407 nen
475 4355 628 4409 admodum
648 4358 785 4410 artenrate
804 4353 946 4425 persecuti
964 4370 1024 4408 esse
1041 4352 1185 4411 uitentur.
