2706 5018
254 309 317 371 tto
459 376 467 384 ,
609 303 670 368 DE
691 301 870 371 FlNlBUS
892 303 998 371 BON.

250 478 477 591 ‘upopypor'vm
511 499 543 561 id
567 511 636 577 ost,
661 499 819 583 producta
840 502 1061 564 nominentur.
1107 496 1196 575 Quae
1217 496 1257 562 ual

256 606 462 693 appellemus
494 605 540 689 (id
572 607 635 668 orit
663 603 800 668 uerbum
834 627 853 668 o
883 604 1002 690 uerbo)
1025 603 1079 669 ool
1104 618 1257 691 promotu,

256 727 401 791 remoto,
435 711 511 790 uel,
543 724 580 774 ut
601 709 721 774 dudum
742 710 909 791 diximus,
942 713 1129 799 praeposita
1147 710 1201 775 uel
1221 734 1257 798 pn

257 844 342 907 puu,
384 833 417 882 et
441 819 500 883 illu
523 820 656 882 reiecta.
711 815 760 881 llo
786 820 874 882 enim
897 816 1087 898 intellecta,
1118 819 1153 880 iu
1176 816 1257 881 uerbi

257 948 317 990 usu
351 924 466 989 faciles
498 945 572 987 esse
603 921 771 986 debemus.
831 925 884 988 53.
911 923 1079 1001 Quoniam
1109 937 1255 987 autumo

257 1033 343 1119 quod
370 1045 420 1095 est
446 1030 590 1110 bonum,
608 1031 750 1115 primum
776 1028 882 1096 locum
909 1044 1022 1094 tonora
1048 1029 1199 1106 dicimus,
1219 1050 1257 1092 uu

257 1152 305 1218 st,
352 1161 412 1202 neo
433 1136 555 1201 bouum
578 1157 651 1200 osso
676 1157 736 1198 neo
758 1136 883 1200 mulum
907 1137 988 1213 hoo,
1024 1135 1111 1222 quod
1134 1156 1257 1221 praepos

258 1244 313 1308 uel
338 1246 549 1329 praecipuum
570 1244 787 1306 nominamus.
839 1242 941 1328 quue
964 1245 1011 1306 ita
1033 1239 1226 1319 delinimus,

259 1355 302 1415 sit
331 1352 522 1414 indifferens
551 1370 624 1412 oum
654 1352 893 1413 aestumationo
928 1349 1107 1426 mediocri3
1151 1348 1234 1434 quod

260 1457 310 1520 illi
331 1438 520 1542 a’tiipopoo
542 1456 673 1533 dicunt,
694 1454 726 1517 id
752 1454 833 1518 mihi
857 1458 912 1520 itu.
925 1456 1080 1532 occurrit,
1103 1467 1141 1517 ut
1166 1454 1257 1517 inditi

261 1562 414 1626 dicerem.
472 1560 588 1647 Neque
613 1563 701 1624 enim
725 1559 808 1624 illud
828 1559 903 1626 fieri
926 1572 1056 1646 poterat
1080 1557 1152 1622 ullo
1177 1559 1257 1623 mod<

313 1727 466 1785 appallaruua)
480 1725 638 1784 appellantur
653 1726 672 1771 1.
728 1727 838 1779 anarbo)
851 1727 905 1771 add.
921 1729 1061 1785 exprimere
1075 1725 1095 1770 1.
1150 1725 1188 1768 uel
1203 1725 1235 1777 ut)
1250 1736 1257 1767 ι

261 1805 297 1851 53.
312 1805 470 1863 prnpoaltum)
482 1805 635 1860 propositum
647 1802 761 1848 nuncu
816 1803 945 1858 ual)ut13
1003 1801 1155 1861 precipuum)
1166 1801 1257 1857 proertp

261 1881 333 1936 litque
347 1879 389 1934 ita)
406 1880 493 1937 ltaque
509 1880 535 1924 to
551 1878 704 1924 ormonor.
738 1878 772 1923 illl
786 1901 814 1912 -
827 1877 918 1933 rllcuut)
933 1880 979 1925 itte
993 1902 1021 1916 ·-
1035 1878 1136 1924 arcuo
1169 1878 1257 1923 ilicem

262 1955 369 2001 ‹titurc

262 2111 303 2166 dit
322 2110 420 2166 Guiur.
443 2111 530 2177 (Bau.
550 2110 693 2181 probabat
710 2110 832 2180 primore
851 2111 878 2163 in
896 2112 977 2178 loeo.)
1013 2111 1069 2166 Seri
1088 2110 1255 2165 atliaotiuour

263 2207 337 2274 quod
356 2200 509 2272 antiquarii
528 2202 661 2271 quidam,
681 2210 712 2257 ut
729 2205 841 2269 Uarro,
863 2203 976 2258 Galliua
998 2221 1050 2275 pru
1069 2221 1121 2269 eo,
1148 2204 1222 2275 quot
1240 2219 1257 2254 u

264 2312 344 2360 mua,
370 2301 526 2363 puiuerunt
544 2294 641 2365 paucio
660 2293 746 2358 lucia,
784 2298 859 2367 apud
878 2303 1003 2361 caterua,
1021 2296 1046 2351 ri
1066 2297 1207 2368 pluralem
1223 2312 1256 2364 pr

264 2386 401 2457 excipiar,
437 2387 539 2441 dicitur
566 2393 678 2441 tautum
707 2388 742 2440 de
767 2389 863 2459 priora
893 2391 975 2458 porte
993 2389 1035 2443 rei
1055 2388 1178 2443 alicuius
1195 2393 1242 2440 aut

264 2480 478 2535 coniunctorum
498 2482 544 2547 (ut
562 2480 724 2547 dantium)3
742 2479 839 2552 itaqua
857 2482 978 2550 primore
998 2482 1075 2543 toro,
1096 2480 1119 2534 ai
1139 2480 1257 2533 «literato

263 2590 347 2626 namo
365 2569 451 2637 uixit,
469 2573 544 2643 quod
560 2571 691 2643 ineptum
709 2576 800 2640 arat),
819 2573 1011 2644 signiticaret:
1043 2573 1072 2624 iu
1088 2573 1181 2640 primu
1198 2576 1257 2640 part

264 2666 338 2731 (Noc
354 2661 452 2717 Liuiua
471 2664 591 2728 XXIV,
609 2663 663 2729 20,
682 2664 718 2720 la
734 2665 859 2719 scribere
878 2664 979 2735 putuit,
999 2665 1073 2733 quod
1090 2681 1106 2718 o
1125 2660 1249 2726 Grououi

263 2760 347 2812 oturo
365 2756 473 2809 oditur:
491 2756 609 2824 primori
620 2756 761 2809 iuuentute
778 2756 951 2825 oonaoriptu3
969 2755 996 2809 in
1017 2755 1140 2811 littorio:
1161 2756 1200 2809 iii
1216 2757 1254 2808 aia

265 2849 389 2903 hominia
402 2866 504 2903 nomeu
525 2850 619 2911 latet.)
649 2847 748 2902 Cicero
765 2850 855 2917 primo
872 2849 986 2919 potuit3
1005 2849 1071 2919 quid
1090 2850 1120 2904 in
1139 2847 1257 2902 littoriti

265 2949 342 3007 teat,
377 2942 478 2996 nereio.
533 2942 600 3015 plor
626 2939 654 2993 in
686 2941 785 2995 multia
804 2942 883 2995 codd.
906 2948 934 2996 ot
953 2950 1022 2996 uutt.
1042 2943 1184 2997 conane
1202 2941 1256 2994 ida

264 3034 387 3096 iterium,
408 3033 495 3087 Guiua
517 3032 566 3096 ait,
585 3049 669 3086 nomo
688 3032 762 3088 aliua
780 3034 861 3088 uitlit.

335 3129 382 3181 uel
401 3132 530 3196 promotu
548 3131 575 3178 et
593 3127 712 3193 remoto)
751 3131 843 3197 Quom
864 3125 977 3197 proprie
998 3132 1110 3181 tantum
1127 3130 1250 3194 promoto

267 3237 336 3274 nare
357 3221 490 3284 deburat,
511 3218 620 3273 addidit
639 3236 654 3271 a
673 3220 816 3274 continuio
837 3226 864 3273 ot
883 3227 1008 3281 remota,
1027 3218 1110 3288 quari
1128 3221 1163 3272 rie
1182 3225 1257 3272 utror

266 3308 379 3362 nomino
397 3328 532 3381 proxumo
550 3308 657 3381 ogorit3
675 3309 769 3364 simite
786 3316 829 3373 tt,
848 3312 921 3382 quod
942 3314 983 3376 V,
1001 3310 1038 3365 oo
1056 3309 1164 3381 legitur
1185 3317 1212 3365 tt
1230 3326 1257 3361 rr

266 3396 490 3466 nmmum
985 3381 988 3387 ’

336 3491 380 3546 53.
417 3493 507 3567 Idpuo
526 3493 565 3546 ito
583 3494 739 3560 destruimur,
757 3497 844 3569 potuit)
864 3496 927 3549 llor-
947 3493 1032 3548 otiam
1048 3510 1064 3547 a
1083 3495 1147 3549 rou.
1165 3494 1246 3558 Mon,

267 3581 419 3637 amolior-e
438 3584 568 3649 tamilla,
588 3587 712 3652 reatituip
739 3589 838 3641 eodum
857 3589 941 3641 ruodo
958 3588 999 3641 itu
1019 3584 1192 3657 preponitur
1211 3582 1257 3640 dal

264 3673 404 3731 aoutoutiu
422 3676 546 3731 ralutiua
565 3681 782 3750 improbamur,
802 3697 859 3752 quo
877 3687 921 3742 11,
936 3678 989 3733 29:
1026 3696 1087 3733 eun
1107 3686 1200 3733 auten
1217 3679 1254 3732 ita

266 3768 378 3843 quitur,
408 3771 582 3842 praepalato
599 3773 774 3840 percipiatur
792 3773 845 3827 Sir..
887 3772 996 3843 Figura
1015 3771 1104 3827 mixta
1122 3778 1150 3827 tt
1168 3788 1202 3824 ox
1220 3771 1257 3825 alu

264 3861 307 3916 tia
329 3878 380 3926 aa,
399 3878 454 3933 qua
472 3863 698 3918 domonstratiua
718 3865 859 3936 porticula
877 3863 966 3934 ipaiua
986 3864 1028 3917 rei
1049 3862 1257 3935 appellationi]

264 3950 352 4016 nitur,
370 3952 404 4005 da
422 3970 478 4024 qua
495 3955 552 4008 ulixi
570 3957 606 4009 od
625 3963 660 4021 u,
678 3956 713 4009 la
731 3958 800 4024 (rlr.
819 3958 854 4010 do
872 3958 913 4010 ita
931 3956 1062 4011 Haudiua
1082 3964 1122 4010 llt
1141 3976 1170 4029 p.
1191 3955 1257 4025 488),

264 4045 425 4110 breuitut03
461 4064 528 4101 nam
555 4048 596 4100 ito
622 4049 696 4102 hauc
714 4046 790 4102 modi
816 4045 1034 4120 explicationem
1063 4050 1210 4118 portulam
1235 4048 1257 4103 al

265 4139 306 4191 ito
322 4137 479 4205 definiatur,
498 4146 528 4192 ut
542 4140 572 4192 tt
591 4158 649 4193 utro
668 4142 802 4203 dicamur,
820 4143 893 4215 qaod
912 4143 949 4195 ait
961 4141 1014 4198 &a
1042 4141 1209 4219 liutitiorum
1225 4158 1257 4197 aa

266 4236 294 4282 at
311 4229 485 4285 daturiuruur
504 4233 632 4287 codicum
654 4233 684 4286 ici
702 4234 742 4287 itu
761 4234 884 4304 potitum
905 4235 1002 4299 nubet,
1018 4240 1052 4289 ut
1069 4233 1257 4291 uideamur

266 4337 403 4389 proxumo
423 4324 568 4395 coniungi,
590 4326 827 4396 quomadmodum
847 4328 861 4394 §
879 4325 915 4381 33
934 4334 962 4381 ut
979 4324 1057 4382 utini.
