2730 5016
221 354 282 415 756
574 343 632 408 DE
655 340 832 407 FlNlBUS
856 338 960 405 Bon.

224 557 331 631 potest
361 563 432 605 esse
465 540 580 602 beatus
612 542 658 615 is,
707 540 760 623 qui
787 551 818 599 st
850 541 884 599 in
919 541 1050 623 asperis
1085 534 1314 618 reiciendisque

224 652 343 728 rebus,
385 650 544 735 potestis
575 666 702 731 quoque
735 665 827 721 esse,
870 647 926 728 qui
957 658 990 708 rt
1013 646 1046 708 in
1072 644 1188 727 paruis
1217 638 1314 704 runiia.

227 761 268 822 Et
294 777 376 842 ego,
421 754 516 828 Piso,
547 754 698 836 inquam,
744 753 771 812 si
795 762 825 812 st
850 752 1043 837 quisquam,
1094 752 1153 836 qui
1176 760 1268 811 acute
1287 747 1315 807 in

227 864 334 926 eausis
358 859 470 923 uidere
492 857 609 936 soleat,
635 877 793 942 quaeres
817 871 952 941 agatur,
994 859 1023 920 is
1048 878 1087 919 es
1106 855 1259 940 proiecto
1279 865 1314 913 tn

228 970 339 1044 Quare
366 966 522 1042 adtende,
541 986 674 1049 quaeso.
721 960 807 1026 Narn
831 962 948 1038 adhue,
964 984 1038 1026 nreo
1060 962 1209 1024 fortasse
1233 959 1311 1031 uitio,

227 1075 304 1159 quid
326 1095 388 1156 ego
414 1092 588 1156 quaerant,
615 1091 676 1131 non
700 1070 869 1154 perspicis·
912 1068 991 1131 Istic
1012 1090 1101 1146 eum,
1122 1068 1247 1151 inquit,
1270 1084 1310 1126 er·

228 1195 405 1264 peetoque,
428 1177 504 1261 quid
529 1176 568 1237 ad
593 1175 644 1252 id,
668 1176 754 1260 quod
776 1173 984 1260 quaerebam,
1004 1175 1226 1259 responden&

319 1282 476 1360 xxvn,
518 1282 569 1344 79.
614 1280 848 1365 Respondebo,
888 1304 940 1344 rne
963 1303 1028 1344 nou
1053 1300 1238 1365 quaerere,
1279 1277 1313 1335 in·

230 1414 347 1475 quarn,
395 1390 456 1452 hoe
480 1402 643 1472 tempore,
691 1389 767 1473 quid
790 1391 895 1451 uirtus
925 1384 1064 1451 ecficere
1100 1387 1229 1469 possit,
1271 1379 1313 1442 sed

283 1607 420 1659 eet)nru.b
453 1610 528 1662 poteat
543 1606 572 1659 ia)
589 1609 606 1649 ι’.
622 1602 683 1660 p.0
711 1605 846 1658 eet)om.0
888 1603 920 1647 Et
935 1603 987 1657 ego)
1003 1603 1055 1659 Ege
1072 1602 1094 1645 E
1133 1601 1206 1653 ieet)
1221 1594 1317 1642 r’t'retb

231 1680 293 1733 istie)
309 1683 384 1725 iatine
400 1682 418 1725 b
446 1683 586 1737 querebam)
603 1695 711 1738 queram
724 1694 816 1737 omnen,
830 1681 871 1724 0r.
927 1680 961 1723 79.
976 1678 1078 1722 reficere
1095 1676 1182 1734 poerit)
1192 1688 1219 1730 p.
1235 1689 1255 1720 e.
1267 1672 1317 1716 0⁰1·

232 1886 321 1937 neque
341 1869 382 1938 ie,
423 1888 504 1939 quern
532 1871 660 1934 ostendi,
696 1870 787 1922 eritne
804 1867 988 1936 relinquitur,
1027 1869 1091 1918 tum
1111 1865 1197 1916 nulio
1216 1873 1318 1931 proruet

233 1964 361 2031 exemplo
379 1979 463 2030 porro
482 1965 509 2016 in
530 1965 660 2034 augendo
678 1980 730 2033 pro
748 1969 830 2034 atque
848 1962 926 2023 adeo,
946 1962 977 2012 ut
994 1957 1157 2028 accipiebat
1174 1951 1318 2013 Eruenda,

234 2052 364 2119 ponitur,
399 2057 473 2124 quod
499 2055 523 2108 ei
542 2056 655 2108 omnino
674 2055 714 2108 eie
744 2054 970 2122 interponeretur
999 2046 1149 2104 adieetiuir
1177 2043 1319 2100 eoniunedt

232 2145 333 2209 (bonor
349 2152 376 2197 et
392 2163 477 2212 porro
492 2148 610 2213 fortio),
629 2145 818 2217 signiticaret,
837 2146 923 2198 eliam
941 2161 1002 2197 rem
1020 2140 1115 2206 adici,
1133 2158 1194 2194 uon
1213 2138 1320 2192 enain

233 2238 320 2288 uerbo
340 2243 368 2289 et
386 2239 499 2290 notione
518 2239 640 2309 nugeri3
658 2256 741 2292 nemo
759 2245 874 2301 tamen,
893 2237 968 2306 quod
986 2236 1095 2300 oriem,
1113 2233 1158 2287 ite
1178 2232 1266 2293 dixit,
1282 2245 1320 2282 re·

232 2336 377 2399 pugnante
389 2347 449 2382 usu.
475 2329 562 2383 Uenit
574 2329 644 2382 mibi
661 2331 801 2384 intertium
815 2331 845 2382 in
854 2336 976 2382 mentem
988 2345 1021 2380 ex
1028 2343 1110 2395 paene
1120 2325 1222 2378 faeere
1237 2323 1320 2392 ptrue

234 2429 265 2472 nt
283 2420 310 2472 id
331 2439 363 2474 eo
384 2422 467 2474 modo
490 2431 658 2491 poneretur,
684 2439 739 2492 quo
759 2421 787 2474 in
807 2423 887 2475 Uerr.
907 2421 963 2484 lv,
990 2419 1024 2473 6:
1066 2419 1147 2470 immo
1167 2434 1236 2469 nere
1253 2413 1320 2467 notit

234 2531 267 2564 oo
284 2513 368 2580 plane
384 2514 481 2582 puello
503 2520 583 2579 ante,
610 2514 639 2567 in
658 2533 713 2586 quo
732 2532 817 2586 quom
836 2515 889 2567 bor
910 2511 1107 2583 significetur,
1144 2526 1264 2580 pronun
1278 2505 1320 2559 ill·

236 2607 396 2670 uocabulo,
434 2607 507 2675 quod
527 2605 699 2671 subiciatur,
739 2607 936 2660 utilioereet
959 2605 1120 2657 idrontum
1140 2619 1221 2667 eoae,
1247 2597 1322 2653 etin

236 2697 412 2769 superlatiuo
438 2700 557 2751 minemo
582 2698 700 2767 adiungi
731 2716 812 2768 poene
840 2700 923 2768 plane
949 2697 1071 2750 uidetur.
1125 2695 1236 2748 Paullo
1260 2697 1322 2763 pss,

237 2790 285 2842 ubi
302 2799 344 2844 et:
363 2810 423 2865 que
441 2809 485 2842 res
506 2798 611 2860 agutur
631 2793 674 2860 (et
693 2808 821 2845 ranarum
843 2788 1123 2857 controuersiamque
1142 2787 1254 2851 faciet,
1277 2782 1321 2836 cir·

236 2889 273 2947 Η,
291 2881 321 2948 3)
341 2883 448 2936 frustra
464 2884 584 2935 bbiuus:
612 2902 664 2950 pon
684 2887 717 2937 de
735 2903 773 2937 re.
791 2930 793 2934 Α

306 2975 377 3040 qnod
399 2977 566 3048 proterebant)
584 2978 683 3044 peutio
703 2983 785 3039 unte,
812 2982 905 3027 utram
922 2977 975 3026 tibi
990 2992 1043 3026 eon
1056 2972 1207 3041 placeret,
1241 2967 1321 3020 uirtu-

237 3068 307 3117 tirne
326 3083 385 3118 ease
403 3074 508 3119 tentam
535 3069 588 3120 uim
619 3069 672 3126 &a
729 3069 802 3122 Nem
821 3068 859 3121 ed
872 3085 934 3120 earu
956 3064 1215 3134 interrogationem
1233 3074 1321 3133 paru

235 3159 289 3210 eibi
309 3159 438 3212 distinete
457 3178 621 3229 responsum
643 3161 707 3214 Piso
733 3162 845 3215 iudicat.
885 3168 985 3230 ltaque
1012 3157 1192 3211 adeundam
1210 3156 1320 3209 interro·

236 3250 381 3320 gationem
400 3253 524 3306 refertur
543 3252 685 3307 ciceronio
704 3271 885 3322 responsum:
926 3250 1106 3320 Respondebo
1127 3249 1185 3303 dre.
1245 3247 1315 3300 11¹⁶

237 3342 388 3397 manifeste
407 3345 516 3397 correxi
535 3346 663 3400 codicum
682 3348 829 3411 mendum,
866 3345 939 3414 quod
961 3343 1084 3396 editores
1107 3341 1148 3394 ita
1170 3343 1319 3398 tenuent»

235 3443 267 3488 nt
287 3453 322 3488 ne
341 3436 489 3488 offendisse
507 3436 619 3506 quidem
643 3456 689 3490 eoa
714 3437 864 3508 quicquam
883 3437 1023 3490 uidentur.
1079 3436 1155 3486 Nam
1177 3427 1322 3487 coniuncti·

237 3543 287 3579 uoo
305 3528 405 3579 modus
426 3528 453 3580 in
473 3530 528 3582 hee
547 3529 694 3583 orationes
713 3531 750 3582 ed
768 3531 814 3594 id,
834 3530 906 3605 qood
926 3544 1062 3597 queram,
1084 3525 1194 3579 Pisone
1212 3526 1322 3580 intem

235 3616 378 3686 gntionem
407 3628 512 3673 certam
540 3638 557 3674 a
584 3640 613 3674 ae
638 3628 705 3675 ante
734 3621 889 3690 expositam
914 3619 1114 3691 significante,
1152 3617 1227 3670 ferri
1255 3614 1322 3669 null·

235 3710 319 3762 modo
339 3717 447 3779 potest,
468 3712 594 3766 futurum
609 3717 704 3768 etitem
725 3720 836 3781 tempus
854 3714 877 3766 ei
896 3713 1109 3782 intellegemus,
1128 3727 1248 3781 prorant
1265 3704 1321 3763 rifi·

236 3803 300 3854 cute
319 3801 382 3854 Piso
402 3805 576 3873 expectabit,
596 3807 662 3877 quid
682 3805 781 3858 Cicero
800 3806 836 3857 ed
856 3821 907 3869 ee,
926 3820 986 3873 qne
1004 3800 1064 3873 ipae
1082 3804 1214 3856 nondum
1235 3799 1322 3873 ψί-

236 3894 294 3957 uit,
311 3896 359 3947 aed
379 3895 543 3964 quesituros
563 3905 614 3964 eet,
635 3914 820 3968 responsurus
839 3896 884 3961 eit,
906 3896 1006 3948 Cicero
1026 3899 1125 3948 autem
1144 3896 1182 3948 ed
1201 3895 1241 3959 id,
1257 3891 1321 3967 qud

236 3986 303 4036 Piso
328 3988 494 4054 quaesiturus
521 3997 578 4054 eet,
615 3999 681 4043 ante
708 3989 889 4059 respondebit
925 3987 1110 4056 (respondebo
1138 3987 1210 4051 dre.)
1235 4003 1319 4060 qun,

235 4074 301 4145 quid
322 4077 376 4140 ait,
396 4081 527 4134 audierit.
566 4083 692 4151 Adparet
708 4066 828 4150 quierem
846 4088 941 4134 ortum
960 4096 1020 4132 erae
1040 4097 1073 4131 ex
1093 4097 1234 4148 proxumo
1251 4074 1319 4155 (qa'l

235 4184 287 4237 ego
306 4171 447 4242 pracerum).
492 4174 524 4225 Iu
544 4178 661 4229 eandem
679 4174 849 4228 sententium
869 4180 988 4227 uenerat
1004 4172 1241 4245 werenbergiue,
1261 4186 1318 4225 rm

234 4261 400 4315 coniectore
418 4262 543 4331 ignarus.

304 4354 370 4422 Cep.
392 4354 519 4421 xxvii,
549 4358 592 4412 79.
632 4360 746 4424 erficere
762 4361 865 4428 percit)
888 4358 935 4414 stc
954 4366 982 4412 et
1003 4359 1118 4415 codiee·
1136 4360 1246 4428 (omnen
1262 4352 1314 4413 Gli,
