2706 5018
355 368 414 434 ΕΤ
437 368 546 435 MAL.
569 367 653 433 Llll.
678 369 708 432 V
732 367 828 433 Cata
850 373 901 432 20.
1111 375 1174 435 sto

112 561 149 621 nis
168 584 310 625 sorianum
334 562 429 626 nobis
449 564 590 627 uelimus
616 565 698 640 dari,
722 565 818 648 idque
843 566 872 624 si
898 564 1034 643 accidat,
1059 569 1172 628 mortis

109 664 192 730 instar
218 682 378 753 putemus.
445 673 497 733 56.
523 670 611 746 Quin
642 673 741 733 etiam
765 673 992 732 inertissumos
1014 671 1173 749 horrrines,

110 776 198 836 nescio
220 797 282 860 qua
306 775 468 861 singulari
491 779 637 860 nequitia
666 777 850 860 praeditos,
891 777 1039 838 uidemus
1064 792 1172 841 tornea

108 889 133 936 et
150 899 274 963 corpore
296 896 329 945 et
351 885 460 945 auiuro
486 885 612 944 rrrorreri
634 904 781 966 semper,
823 892 873 959 et,
905 902 1002 964 quom
1026 906 1061 945 re
1083 885 1174 948 nulla

108 981 292 1065 inpediuntur
323 991 525 1065 necessaria,
570 1001 625 1050 arrt
649 986 816 1049 alueolum
839 1010 972 1072 poscere
997 1004 1053 1050 am
1076 1012 1173 1074 qaae·

108 1106 164 1150 rere
191 1094 374 1176 quempiam
405 1093 518 1156 ludum
544 1107 600 1155 aut
619 1114 803 1155 serrrtonem
827 1092 969 1177 aliquem
995 1099 1173 1179 requirere,

108 1210 244 1281 quemque
277 1220 341 1260 non
375 1197 517 1261 habeant
546 1201 706 1283 ingenuas
739 1220 781 1261 ex
816 1200 963 1262 doctriua
983 1199 1173 1265 oblectatio-

108 1313 168 1377 nes,
195 1303 333 1366 circulos
355 1304 483 1388 aliquos
505 1319 537 1367 et
559 1304 781 1367 sessiunculas
802 1309 992 1368 consectari.
1046 1305 1096 1370 Ne
1119 1305 1173 1371 be-

108 1403 170 1468 stiae
207 1411 354 1494 quidem,
394 1432 474 1495 qaas
511 1411 739 1474 delectationis
785 1434 900 1474 caussa
941 1411 1176 1491 concludimus,

146 1589 245 1644 uelimus)
260 1593 401 1636 nolimusc
430 1593 573 1646 si)om.EG
632 1592 827 1649 sequanus
856 1593 1176 1652 aequatquegauiatec)

108 1651 135 1699 ²⁰
178 1669 285 1724 etcorp.)
300 1668 398 1724 eorp.E
413 1669 502 1721 (etna.
519 1676 543 1713 et
559 1680 625 1722 corp·
641 1668 669 1721 (l)
713 1669 920 1724 quem)tomenE
964 1671 1036 1724 uultu)
1051 1677 1078 1714 ut
1093 1671 1174 1715 ineu

108 1734 252 1787 'tilectus
281 1745 449 1797 sessiunculas)
462 1746 636 1790 semicirculos
651 1745 735 1788 LPGR
762 1747 808 1799 lle)
823 1747 889 1798 Quin
904 1748 934 1789 de
950 1746 970 1789 Ε
986 1747 1066 1790 neec

156 1894 199 1950 56.
238 1900 410 1963 Quinetiam
430 1931 462 1942 -
478 1903 615 1967 uidemus)
645 1902 736 1952 Codex
756 1901 875 1953 llloreli:
897 1901 961 1975 quin
980 1901 1062 1951 etium
1079 1931 1113 1939 -
1133 1902 1175 1951 ui-

108 1973 200 2039 lflmus
218 1993 283 2052 telr.
308 1994 344 2046 ad
362 1995 416 2054 lv,
453 1993 510 2062 26).
570 1996 646 2046 Tum
673 1992 748 2045 idcm
774 2012 837 2045 cum
858 1995 918 2046 Erl.
938 2003 965 2045 ct
984 1993 1093 2045 duobus
1112 1991 1175 2045 taliis

108 2064 139 2122 qq
164 2078 260 2149 (Spin,
282 2085 355 2138 Gud.
375 2085 431 2153 Ἠ)
452 2087 583 2153 segnitie,
606 2087 635 2138 C.
658 2087 689 2138 C.
715 2086 757 2144 C..
776 2104 807 2150 χ,
830 2087 890 2138 rud.
912 2087 973 2137 Urs.
994 2086 1128 2153 segnitie,
1148 2086 1174 2137 in

123 2177 206 2226 erat:
243 2178 365 2249 aequitio
383 2179 420 2228 nl.
440 2180 571 2244 segnitie.
610 2180 783 2230 Aduersatur
802 2194 865 2228 eum
885 2176 984 2229 ceteris
1003 2195 1070 2245 mgn
1090 2178 1176 2241 Crat,

133 2279 191 2331 qrro
211 2287 260 2337 pro
280 2269 331 2320 illo
357 2277 470 2320 notatur
489 2270 621 2341 nequitie.
667 2271 759 2336 Quom
786 2267 874 2335 igitur
894 2278 1014 2339 utraque
1033 2269 1143 2320 familia
1160 2285 1178 2321 a

131 2350 198 2425 ipsa
216 2357 375 2422 dissentiat,
412 2379 467 2412 non
487 2362 602 2414 dubium
622 2360 753 2424 uidetur,
783 2359 849 2431 qnia
870 2378 968 2413 acrum
988 2361 1025 2413 sit
1044 2362 1176 2434 nequitia,

133 2463 191 2516 quo
211 2453 352 2504 uocabulo
371 2450 478 2505 inertia:
498 2465 525 2505 et
542 2452 635 2521 segnis
662 2451 795 2504 mollitiei
813 2452 1051 2521 significationem
1078 2450 1179 2519 inesse,

108 2528 199 2594 ''reui
218 2542 392 2613 ignorarint;
414 2547 476 2598 Cot.
494 2547 516 2606 l,
536 2545 553 2594 t
572 2548 600 2594 et
618 2542 653 2594 29
671 2541 727 2594 lom
742 2543 875 2595 Durrisius
892 2542 1028 2596 laudauit.
1070 2545 1178 2596 Deinde

108 2620 185 2687 'lanu
216 2634 346 2689 editionis
372 2637 441 2688 ordo
461 2642 503 2700 (et
529 2635 620 2685 anime
648 2639 675 2684 et
700 2638 824 2700 corpore)
861 2644 1033 2702 propagatus
1068 2638 1111 2686 est
1142 2638 1176 2687 sd

108 2728 182 2788 flu„
219 2728 359 2788 Lbinum,
391 2735 516 2790 ceterum
553 2727 675 2777 alterum
695 2723 781 2777 Gaius
802 2742 817 2776 e
835 2724 892 2777 suis
914 2725 1056 2779 codicibus
1075 2718 1178 2793 (Mor.)

108 2818 242 2872 tuot-auti.

150 2911 354 2974 sessiunculas)
374 2910 402 2961 id
422 2919 481 2970 est,
508 2925 653 2961 consessus
671 2906 755 2959 cerlis
775 2907 803 2959 in
823 2908 891 2960 locis
909 2925 1066 2978 paucorum
1084 2908 1179 2960 homi-

108 3005 154 3053 lnr
172 3003 426 3055 confabulantium.
459 3003 521 3053 Hoc
537 3018 553 3052 e
572 3008 668 3053 uetere
687 2998 761 3052 lilrro
776 2999 963 3069 Scaliger-'set
980 2999 1086 3051 Eliensi
1105 3001 1177 3053 Bau.

108 3091 228 3158 lstituit,
252 3094 422 3145 confirmant
441 3093 520 3155 Eri,
557 3093 652 3162 Spin,
692 3110 758 3160 ingo
779 3092 965 3157 Cret.,ltlor.
1018 3092 1179 3145 Deteriores

108 3192 185 3239 mnes
204 3185 324 3238 ridicule
347 3185 551 3248 semicirculos,
589 3195 616 3235 et
641 3185 760 3253 adparet
786 3183 876 3253 origo.
933 3184 1067 3237 Defendit
1086 3194 1179 3237 tamen
1274 3234 1280 3243 ,

108 3270 193 3341 ιτὴν,
229 3283 261 3329 ut
287 3277 413 3329 decebat.
468 3277 544 3344 Quid
566 3276 640 3328 enim
659 3276 820 3346 peruersius
840 3276 995 3346 excogitari
1014 3284 1106 3346 potest
1125 3278 1181 3330 hac

108 3350 235 3423 studione
256 3369 356 3438 figure
374 3368 571 3439 geometrica,
610 3386 643 3421 ex
664 3385 720 3438 qun
737 3368 897 3421 necessario
914 3377 1121 3436 consequatur,
1150 3377 1181 3422 ut

108 3458 211 3515 {reales
230 3479 342 3530 quoque
363 3479 416 3514 non
437 3466 533 3514 coetus
552 3462 699 3514 hominum
726 3463 773 3514 sed
800 3461 906 3530 tigrinus
924 3461 1113 3530 geometricas
1132 3479 1181 3513 ue·

108 3550 144 3607 do
163 3550 210 3604 ubi
231 3551 384 3620 descriptas
406 3551 632 3623 intellegamus?
668 3557 709 3608 Ne
728 3554 752 3606 si
770 3554 985 3623 appellarentur
1003 3554 1116 3622 quidem
1136 3570 1180 3607 se-

108 3645 157 3699 llis
175 3646 300 3712 quedem
318 3643 499 3710 semicirculi,
519 3663 553 3698 eu
571 3646 617 3698 hic
637 3644 767 3715 intellegi
787 3655 909 3715 possent,
929 3643 979 3698 nisi
998 3653 1090 3699 meent
1110 3647 1179 3709 sliu,

108 3755 145 3791 aa
171 3736 273 3789 circuli
293 3739 517 3807 appellarentur.
568 3740 662 3805 Quam
683 3735 808 3805 lepidum
826 3741 941 3800 autern,
978 3739 1106 3791 homines
1124 3756 1179 3791 non

108 3845 232 3883 insutus
253 3846 408 3897 eorumque
437 3831 501 3882 loca
528 3837 662 3882 consueto
688 3829 862 3892 consectari,
898 3830 945 3881 sed
972 3828 1071 3881 sedilia
1097 3837 1179 3882 certa

108 3920 208 3975 »smel
238 3921 365 3973 Graecam
395 3939 455 3973 rem
482 3922 579 3974 Graeco
606 3919 841 3989 hemicycliorum
863 3920 977 3972 nomine
996 3920 1138 3990 appellari
1162 3938 1180 3975 a

108 4013 238 4076 ieet-oue,
256 4011 500 4066 semicirculorum
519 4029 536 4064 s
556 4014 644 4076 nullo,
665 4029 742 4083 pene
761 4013 848 4083 pudet
866 4012 988 4081 addere3
1009 4012 1135 4083 ineptum
1153 4020 1180 4068 st

108 4105 162 4159 sim
181 4105 252 4158 talia
270 4105 343 4158 serio
362 4106 508 4167 refutare,
524 4101 647 4157 sturitate
664 4109 791 4158 inuenta.

121 4228 125 4233 -
159 4198 203 4250 Ne
220 4199 314 4250 bestia
332 4199 455 4271 quidem)
475 4198 516 4248 Ex
534 4198 594 4250 Erl.
616 4195 667 4264 (de
685 4194 786 4251 ceteris
805 4203 932 4262 tacetur,
969 4197 1017 4248 sed
1038 4196 1124 4248 etium
1143 4198 1178 4249 de

108 4287 144 4342 ise
160 4306 178 4343 s
196 4290 283 4357 Gaio)
301 4288 380 4344 celici
398 4294 510 4358 possetr
532 4288 602 4352 Quia
620 4306 654 4341 ue
672 4290 773 4354 bestie,
792 4290 845 4343 nisi
863 4307 956 4343 sermo
978 4287 1094 4340 Latinus
1113 4306 1179 4340 eon-

108 4381 260 4437 snctionens
281 4382 489 4452 particularum
507 4383 573 4451 quin
592 4389 620 4436 ct
637 4400 671 4436 ae
689 4411 722 4423 -
740 4383 849 4456 quidem
868 4398 1002 4451 respuere
1021 4380 1177 4447 atteretur,
