2706 5018
313 381 374 449 E'l'
397 379 507 448 ΜΔΕ.
529 378 615 447 tht.
636 382 668 447 V
690 380 787 447 cut).
810 384 860 445 11.
1069 386 1134 449 ffl'l

134 578 196 644 Xl.
240 578 352 664 Atque
371 579 471 642 etiam
494 575 595 654 illud,
617 578 647 640 ei
670 578 744 662 quie
769 577 878 640 dicere
899 576 992 656 uelit,
1016 578 1133 664 pernb-

108 681 175 746 dum
196 685 261 764 eit,
306 685 354 749 ite
376 684 472 770 diligi
496 705 517 746 n
539 703 614 746 ecee
636 703 817 768 quemque,
863 696 900 745 ut
920 704 961 746 ee
985 686 1037 747 uis
1059 676 1134 749 dili·

107 788 143 850 idi
169 789 211 852 ed
241 789 343 854 elium
375 812 445 854 rem
469 791 655 876 quampiam
679 789 860 866 referetur,
905 810 971 853 non
992 792 1032 854 ed
1057 813 1133 855 eum

108 914 159 972 un,
182 896 239 980 qui
261 917 335 960 ecee
357 896 485 982 diliget.
525 895 599 959 Hoc
619 916 717 980 quom
738 897 773 957 in
792 897 958 976 amicitiis,
981 918 1079 982 quom
1099 901 1134 962 in

109 1001 178 1078 ciis,
202 1022 300 1086 quom
323 1005 365 1065 in
381 998 558 1066 uirtutibus
580 985 715 1080 diciturq
737 1001 1029 1088 quomodocunque
1053 1003 1135 1068 dici·

112 1150 121 1184 ,
146 1106 297 1194 intellegi
320 1121 447 1186 tumen,
481 1107 557 1193 quid
582 1107 728 1185 dicetur,
756 1118 885 1191 potcst3
913 1109 947 1171 in
972 1106 1135 1174 nobismet

107 1211 129 1274 it
148 1226 256 1277 eutem
279 1235 322 1277 ne
343 1212 496 1296 intellegi
520 1211 663 1298 quidem,
687 1218 723 1275 ttl
747 1225 879 1297 propter
899 1212 998 1277 ulium
1021 1237 1134 1300 quem-

110 1339 136 1380 n
157 1342 244 1400 rem,
291 1318 385 1384 uerbi
406 1321 514 1405 gratie
538 1332 672 1404 propter
695 1316 921 1403 uoluptatem,
963 1341 1024 1382 uos
1046 1343 1135 1385 eine-

109 1442 137 1499 ⁸3
176 1439 310 1511 propter
328 1447 388 1489 nos
412 1428 499 1489 enim
521 1423 631 1503 illem,
675 1446 739 1488 non
762 1439 894 1510 propter
917 1447 989 1489 eam
1007 1441 1136 1491 nosmet

108 1549 138 1591 ot
157 1530 338 1617 diligimus.
404 1534 457 1595 31.
481 1530 689 1616 Quamquam
711 1530 877 1615 quidest,
918 1532 1004 1617 quod
1029 1536 1136 1619 magis

108 1641 253 1721 opicuum
283 1639 345 1716 sit,
386 1657 482 1721 quain
515 1657 580 1699 non
610 1636 707 1699 modo
739 1659 850 1700 cerum
873 1636 937 1700 sibi
962 1660 1135 1724 quemque,

110 1821 277 1877 tumimidum)
291 1821 376 1866 alell
416 1822 502 1879 lotum)
517 1820 605 1878 ipeeR
639 1821 689 1864 lloe
703 1819 839 1877 quemlioe
854 1820 937 1864 nnnc
970 1819 995 1863 lu
1010 1820 1095 1865 ellicile
1109 1843 1137 1854 -

108 1893 180 1950 tinet.)
195 1911 241 1940 om.
258 1900 285 1942 ln
300 1897 319 1941 l'
401 1890 605 1954 quomodocunque
621 1897 714 1951 dieitur)
728 1909 771 1940 om.
787 1897 808 1941 n
823 1897 1092 1954 (quoquomodoennque
1107 1898 1137 1955 Β)

108 1969 119 2019 Ι)
130 1974 241 2027 quicquid
255 1972 277 2017 tt
359 1974 473 2018 nobismet
488 1974 545 2032 ipele
559 1975 647 2027 eutem)
661 1973 780 2017 nollemet
793 1979 877 2016 eutem
891 1973 952 2028 ἐμὴ
966 1971 1052 2016 uuor.
1067 1973 1138 2018 nolle

108 2046 162 2102 ·¹t··
176 2049 214 2094 lic
256 2050 295 2104 tte)
309 2062 354 2093 om.
370 2049 455 2093 ELcR
498 2049 600 2105 quidem)
615 2049 675 2106 quid
688 2047 709 2092 E
745 2048 779 2103 ut)
794 2061 839 2093 om.
854 2044 939 2093 enon
972 2060 1018 2091 non
1032 2051 1137 2106 propter)

112 2125 178 2176 ,nli
237 2126 271 2170 tl.
287 2126 365 2182 quem)
382 2135 426 2170 ote.
441 2137 529 2179 onuee,
543 2124 587 2168 or.
640 2140 645 2147 ·

108 2291 195 2356 quibu·
212 2293 326 2346 eoloece
343 2292 492 2345 scribitur:
525 2292 749 2360 quemadmodum
766 2292 865 2361 offecti
882 2308 983 2345 tunm.
1019 2291 1139 2347 Seculue

111 2372 204 2438 cuiue.
241 2385 299 2438 Pro
318 2387 384 2437 item
400 2385 455 2437 duo
475 2384 555 2437 codd.
576 2384 629 2437 (izi
647 2386 705 2448 ite,-
732 2384 789 2437 nid.
812 2385 848 2437 ed
866 2383 925 2449 tn,
943 2384 986 2438 te.

125 2474 186 2546 Cep.
208 2475 260 2530 Xl.
298 2478 327 2528 in
344 2477 476 2529 nobismet
495 2476 563 2543 ipsit
582 2481 673 2528 aulem
691 2476 759 2543 dte.)
777 2476 825 2530 Sic
842 2478 916 2539 Ert,
936 2477 1023 2542 ciet,
1041 2479 1139 2534 Uiuio·

108 2579 125 2619 Ι·
158 2569 196 2622 tJt
216 2570 242 2621 tt
260 2570 303 2636 (iti
323 2569 455 2621 nolitmet
480 2576 570 2635 utitem
597 2569 679 2636 ipsit)
706 2569 768 2621 Pel.
788 2569 822 2632 ⁴,
859 2570 922 2631 Et,
957 2569 1024 2622 Per.
1041 2569 1056 2621 1
1076 2571 1141 2625 ete

123 2658 171 2713 duo
188 2662 264 2729 ciet),
283 2661 357 2713 Gud.
376 2668 505 2729 uterque,
524 2661 602 2724 lieu,
621 2658 704 2711 modo
725 2659 793 2711 cotie
811 2659 932 2711 editores
952 2660 1140 2717 edienderinl.

108 2752 229 2807 milzini
250 2752 325 2805 idem
351 2752 427 2821 eputl
446 2753 523 2804 Cret.
542 2768 602 2804 ecee
620 2750 704 2814 dicit,
741 2755 769 2802 el
786 2751 823 2804 eb
842 2750 887 2801 liit
906 2757 959 2801 met
977 2751 1142 2806 confirmari

110 2842 164 2901 ,tle
185 2845 244 2898 ert.
273 2846 316 2910 (et
340 2843 431 2914 Spin)
457 2850 540 2897 tecet.
596 2840 743 2894 Mnuutiuc
767 2850 795 2894 ct
813 2841 944 2909 deinc-epe
969 2845 1056 2896 ceteri
1075 2824 1142 2899 ente

108 2927 156 2987 ium
174 2951 206 2988 ex
225 2934 348 2990 editione
365 2935 474 3005 primes
512 2937 539 2986 in
556 2934 634 2986 nodie
651 2941 743 2986 etitem
760 2935 837 3003 ipsiu.
872 2934 981 2987 Deinde
998 2935 1025 2988 in
1045 2935 1142 2990 codice

108 3022 208 3098 ltetyno
228 3029 269 3082 uic
294 3027 430 3095 ecriptum
457 3035 535 3091 eret,
576 3045 609 3080 ne
637 3035 664 3079 el
688 3024 720 3079 dt
738 3024 865 3079 ominis:
891 3028 1018 3096 intellegi
1034 3031 1142 3096 quidone

108 3115 138 3168 tid
153 3121 227 3174 Gnd.
247 3119 282 3183 2,
300 3122 373 3189 qnod
391 3118 491 3173 relicui
510 3119 581 3183 uzi,
599 3121 647 3172 ted
671 3117 749 3171 uide·
767 3120 844 3184 Eri,
882 3135 973 3188 neque
991 3121 1141 3191 quicquum

108 3207 228 3266 nitetur
248 3211 302 3266 niti
321 3214 448 3288 quidem,-
465 3209 521 3265 uid.
541 3211 576 3264 nd
595 3217 624 3276 1,
642 3211 692 3278 89)
709 3218 824 3278 propter
842 3210 926 3262 olium
941 3229 1068 3265 cenetam
1087 3215 1141 3270 dic.

109 3302 139 3354 tl
159 3305 304 3360 llenntiut
330 3301 413 3358 tucitc
441 3303 545 3368 edidit,
580 3303 621 3356 ite
648 3308 677 3355 et
703 3317 721 3354 e
748 3303 841 3354 forme
869 3300 982 3357 relicuo
1005 3305 1141 3361 orationi·

108 3390 174 3450 *iden
190 3426 225 3439 -
242 3398 377 3464 autemut)
404 3405 433 3450 et
450 3413 467 3449 e
485 3392 677 3465 superiorihue
699 3395 839 3464 (intellegi
856 3397 959 3463 tomen)
980 3396 1152 3466 requiritur,>

111 3483 306 3555 dubitationem
325 3506 380 3542 non
401 3490 515 3541 hebent.
546 3487 601 3554 (Ul
620 3488 691 3540 Dnu.
703 3487 744 3540 eit
762 3504 822 3540 ecee
839 3487 867 3539 in
877 3486 908 3542 C.
920 3490 951 3542 c.
964 3486 995 3543 C.
1015 3497 1043 3544 et
1054 3492 1142 3558 Bell,

108 3572 155 3633 lde
172 3600 194 3644 ψ
216 3583 322 3649 (Bell.)
343 3587 450 3650 negent
468 3580 554 3647 01¹.)
596 3579 753 3632 lnleliciter
770 3581 900 3632 Meceuet
937 3581 1062 3651 intelligi
1076 3585 1143 3658 qnid

110 3670 193 3739 tut,
211 3674 304 3743 qnod
319 3680 436 3741 propter
454 3672 520 3736 din,
540 3689 622 3740 equo
641 3672 728 3724 Gelu·
741 3669 841 3725 celeuil
857 3673 901 3739 (et
916 3672 957 3726 tic
976 3677 1050 3744 opud
1064 3676 1142 3729 ller-

108 3766 206 3819 territt
216 3767 346 3833 neiron:
368 3765 496 3833 intellegi
502 3765 551 3838 qni
557 3771 660 3833 potest,
673 3764 746 3832 qeod
755 3766 794 3831 (l)
801 3765 975 3832 propterdtc.
1003 3765 1123 3832 (Lbinne
1134 3788 1141 3819 z

116 3865 225 3920 potest,
264 3865 294 3912 ul
309 3865 426 3926 proptor
453 3856 520 3923 dic.)
573 3859 638 3926 Quo
665 3856 776 3910 tellone
800 3855 929 3909 diuoluit
964 3873 999 3907 ne
1016 3857 1145 3927 intellegi

108 3940 160 4002 lent
175 3955 284 4018 potent,
318 3955 350 4002 ul
368 3975 401 3990 -
421 3966 558 4014 amemus,
589 3946 654 4001 dixi
673 3950 709 4001 ed
727 3949 772 4012 ll,
797 3947 895 4014 etqui·
909 3948 1026 4015 predari
1040 3957 1142 4018 potest,

108 4030 181 4109 tn).

121 4131 166 4189 ⁸1.
205 4133 375 4208 Quemquam
392 4135 533 4208 quidest,
572 4133 646 4208 qnod
662 4133 754 4202 iungit
768 4132 946 4201 perspicuum
964 4134 1020 4196 eit,
1062 4152 1142 4209 quom

124 4227 204 4279 nodo
222 4225 294 4295 dic.)
313 4227 463 4281 Exciderat
481 4225 608 4302 quanin
627 4226 723 4279 codice
741 4224 907 4296 archetype.
947 4225 1145 4281 Reetituernut

108 4316 199 4374 cutim
219 4325 248 4374 el
272 4316 387 4374 nutius.
424 4316 518 4374 ceteri
539 4317 662 4373 editore·
679 4315 762 4388 qumi
778 4317 965 4373 tenimentum
984 4316 1080 4371 locum
1099 4324 1143 4372 te-
