2706 5018
456 351 693 422 EXCURSUS
720 356 777 421 vt.
924 353 937 371 '
1097 364 1161 426 817

63 550 216 606 indefinito
235 556 368 620 paratur,
383 550 464 603 rrelut
479 549 526 603 hic
541 555 578 615 ΙΙ,
595 548 631 603 b:
650 550 738 605 uuita
749 552 954 629 cuiusquemodi
969 557 998 606 et
1014 551 1051 605 22
1067 555 1160 609 αἰω-

60 655 192 724 queouodi
208 655 378 722 uoluptater,
395 653 522 725 alibique
540 654 640 708 cariem
658 655 754 720 modu*
772 673 825 724 pro
843 656 966 711 relatiua
987 674 1160 728 numquam

61 776 131 814 narn
151 760 227 829 quad
244 759 314 813 alim
333 776 384 828 pro
405 759 510 813 Flacca
528 758 564 811 40
583 760 752 830 legebaturr
772 760 870 812 tabula
891 761 949 812 illoe
969 761 1047 828 ipra,
1066 763 1159 824 quiue·

61 865 191 937 qurruodi
207 869 282 926 runt,
299 869 377 917 recte
392 868 534 916 mutatum
550 864 578 916 et
595 868 624 916 at
642 879 657 915 a
676 863 806 934 uertigiie
824 863 926 917 codicia
947 864 1077 919 Uaticani
1095 883 1161 921 ern·

63 975 142 1022 tarn:
163 967 329 1020 cuicuimodi
346 973 419 1020 runt.
459 967 569 1020 Deinde
587 967 737 1022 dicandum
757 973 799 1032 rt,
831 975 876 1022 tue
890 971 1001 1022 nullam
1018 969 1159 1024 rationem

65 1072 219 1126 ducturam
246 1088 306 1125 aree
333 1070 471 1141 inperitia
490 1071 630 1124 Goerenri
659 1077 686 1126 et
711 1070 733 1126 ei
753 1071 800 1144 qni
827 1074 926 1127 eodem
946 1089 1044 1127 errore
1060 1074 1159 1127 multie

62 1175 149 1240 locir,
176 1174 225 1229 ubi
244 1176 356 1250 quiaque
376 1175 566 1229 neitatirrnrne
583 1174 701 1246 ponitur
721 1176 750 1230 in
770 1177 969 1232 distributione
988 1184 1016 1231 et
1033 1176 1161 1248 ringula·

64 1297 128 1332 rura
148 1278 356 1349 rigniticatione
365 1315 375 1341 ,
394 1297 446 1348 pro
464 1297 508 1343 eo,
526 1280 600 1350 qnod
613 1286 655 1333 ert
672 1281 834 1355 purioraque,
853 1283 920 1352 poni
933 1289 1061 1346 narrant,
1080 1283 1162 1336 uelut

63 1382 110 1437 bia
128 1389 167 1447 ΙΙ,
183 1383 202 1436 6
218 1383 300 1458 (quid
318 1384 487 1458 quieqaeoit,
500 1386 636 1450 operitur,
654 1384 683 1438 id
703 1392 756 1447 aet,
773 1403 942 1461 unaquaque
957 1403 1003 1438 rer
1013 1386 1159 1454 norrun),

62 1488 149 1560 idque
176 1485 286 1541 sariunt
302 1485 388 1541 etiam
413 1486 464 1541 ubi
482 1486 595 1541 additur
613 1504 679 1541 ruur
699 1490 747 1557 (ut
772 1490 829 1554 ΙΙΙ,
853 1490 906 1556 67,
931 1491 972 1555 V,
991 1488 1028 1542 42
1045 1488 1115 1557 duc.)
1124 1489 1160 1557 ¹),

61 1599 206 1664 portromo
226 1589 559 1662 etiamiatarragatiaam
577 1592 606 1646 id
623 1610 780 1664 pronomen
791 1611 851 1647 eree
870 1594 1024 1659 uolunttut
1046 1595 1079 1658 V,
1097 1591 1157 1659 ab).

61 1697 116 1752 lli·
132 1694 224 1768 igitur
244 1696 376 1761 namatii,
395 1712 481 1767 quom
499 1697 612 1771 quicqua
629 1695 782 1767 dupliciter
801 1716 852 1769 pro
874 1715 923 1764 eo,
942 1698 1018 1768 qaod
1037 1702 1081 1751 erl
1098 1696 1159 1766 qui·

62 1820 188 1876 cunque,
223 1801 345 1871 punitam
366 1800 461 1870 putari
481 1801 585 1870 poerit,
621 1808 653 1855 ut
673 1804 725 1855 ant
742 1803 897 1856 relrtiuorn
915 1802 952 1856 eit
970 1808 1022 1856 aut
1040 1819 1095 1855 uon
1113 1799 1159 1867 rit,

65 1903 261 1976 priorieillinr
280 1904 409 1976 urua‚qui
430 1907 503 1974 apud
511 1904 646 1958 Plantam
654 1906 756 1960 dubius
776 1925 831 1961 non
851 1909 904 1972 ert,
912 1908 986 1978 apud
996 1903 1161 1960 Ciceronem

61 2016 164 2079 prater
183 2026 248 2062 auur
267 2009 381 2070 lacurn,
403 2024 495 2078 aquo
513 2009 573 2062 hnc
592 2009 747 2080 dirpntatio
765 2020 827 2065 orta
847 2018 891 2076 rt,
912 2017 941 2065 et
958 2011 1040 2064 illam
1059 2009 1159 2078 paullo

59 2113 188 2183 priorum
215 2113 287 2180 (ΙΙΙ,
305 2111 375 2178 45),
401 2129 485 2182 quem
504 2129 539 2164 er
557 2113 681 2182 optumi·
699 2114 842 2169 codicibue
862 2114 1012 2168 emendaui
1030 2113 1097 2182 (etei
1118 2110 1159 2166 ibi

58 2234 197 2293 qoooequea
216 2215 312 2287 paucio
331 2216 437 2271 editum
450 2217 536 2283 erat),
554 2234 641 2270 unuin
652 2216 822 2289 relinquitur
833 2220 1003 2289 exemplum,
1023 2216 1159 2286 debegg·

58 2325 99 2389 ΙΙ,
117 2322 171 2376 462
194 2322 339 2391 Lignorum,
360 2321 485 2394 quodque
502 2320 630 2384 uoluerit,
650 2338 729 2375 unoe
747 2322 825 2391 ligno
843 2322 990 2384 dedicato,
1007 2320 1157 2385 eiuemodi,

60 2402 148 2497 quui·
167 2443 204 2478 ne
222 2427 343 2480 Plautur
365 2425 478 2495 quidem
497 2424 606 2494 paruit,
625 2426 673 2496 qui
697 2442 853 2495 numquam
880 2426 908 2478 id
938 2425 1092 2478 relatiuam
1118 2422 1158 2477 rio

58 2529 240 2584 enbetantiuo
251 2527 389 2592 adiunxit,
409 2544 499 2596 noque
510 2544 562 2597 pro
574 2528 755 2602 qualicunque
769 2529 796 2581 id
810 2528 889 2584 dixit.
925 2531 968 2583 Eo
978 2533 1075 2582 autern
1094 2543 1159 2581 rna·

58 2635 192 2689 uiloatlur
210 2635 344 2687 mendum
360 2634 395 2697 rt,
413 2632 489 2703 quod
510 2630 688 2685 desideratur
705 2632 864 2686 eubiectnm
882 2631 965 2686 uerbi
983 2631 1111 2686 dedicato
1129 2637 1159 2685 et

60 2741 135 2809 quoii
155 2741 229 2809 apud
248 2740 411 2800 Platonem,
431 2735 512 2789 cuiue
531 2736 621 2789 uerba
640 2735 739 2790 Cicero
758 2735 855 2798 uertit,
875 2742 932 2791 erte
949 2730 994 2792 ‘iro
1013 2753 1063 2792 m.
1098 2737 1157 2790 ltr-

62 2862 116 2915 que
134 2847 212 2897 reete
230 2841 315 2896 rcribi
334 2840 450 2894 iubente
468 2841 541 2913 quod
558 2841 629 2915 quie.
668 2843 736 2910 Qun
748 2834 921 2895 Schellernr'
932 2848 960 2896 et
980 2841 1065 2895 aliie
1083 2840 1159 2897 libro

60 2954 86 3000 ll
104 2948 140 3001 de
152 2948 241 3018 begg.
258 2946 304 3012 2⁰,
322 2945 368 3010 21,
386 2943 423 2996 22
440 2944 469 2997 ei
487 2960 503 2995 e
521 2943 586 2997 libr.
600 2944 652 3010 ΙΙΙ,
669 2944 688 2999 9
707 2944 865 3015 proiciunt,
885 2945 913 2999 in
933 2945 968 2999 iio
986 2946 1159 3001 manilertir·

59 3068 171 3105 aurnum
190 3056 225 3114 rt,
243 3068 294 3125 que
306 3049 476 3120 particulam
489 3064 550 3100 eree
568 3048 775 3119 copulabuntur,
794 3067 854 3118 qna
872 3050 967 3119 legem
993 3050 1053 3121 lagi
1071 3052 1159 3104 adue·

58 3163 125 3220 etat,
148 3154 294 3223 antiquam
312 3152 525 3223 simplicitatem
543 3151 676 3217 initam
694 3152 747 3205 niri
767 3153 841 3207 torte
860 3152 947 3207 etiam
965 3155 1015 3207 ubi
1032 3155 1073 3208 ric
1088 3154 1159 3209 rcri-

58 3260 136 3313 bitur
155 3262 214 3325 (ΙΙ,
232 3257 300 3325 22)ι
325 3258 436 3332 Quoque
452 3257 510 3308 brec
526 3255 661 3324 priuatim
679 3262 706 3308 et
722 3257 832 3324 publice
848 3258 927 3310 modo
946 3259 1057 3333 rituque
1069 3260 1156 3325 fiunt,

57 3364 206 3427 discutito,
243 3379 299 3417 non
327 3369 354 3415 ct
374 3380 426 3436 quo
444 3361 523 3412 modo
548 3360 721 3429 intellegere
739 3360 892 3425 debemur,
931 3362 980 3414 red
999 3376 1159 3430 quocunque

55 3469 147 3522 nodo.
184 3467 243 3534 (Do
262 3475 334 3523 orat.
354 3468 384 3531 Ι,
403 3465 455 3519 119
474 3482 548 3518 nunc
566 3471 643 3519 recto
663 3463 815 3532 ecribitur3
835 3481 888 3519 nec
905 3463 947 3518 ibi
965 3462 1031 3534 poni
1048 3471 1160 3536 poterat

54 3648 288 3664 -ιι--σ-

77 3797 99 3850 l)
115 3794 185 3852 Apud
199 3791 325 3838 Horatium
339 3792 410 3837 etlam
432 3792 506 3850 Epiri.
526 3793 546 3847 Ι,
567 3793 601 3847 18,
614 3792 643 3835 18
657 3793 733 3846 (Quid
747 3797 778 3839 etr
793 3805 888 3851 quoque
901 3794 956 3836 utro
972 3799 997 3836 et
1016 3793 1061 3836 eui
1075 3793 1163 3846 dieue&

112 3884 180 3926 rupe
197 3872 295 3920 uiolata)
312 3869 452 3924 Sabmirliuo,
466 3869 512 3913 etri
528 3874 595 3912 recte
610 3868 693 3919 uertit.
707 3872 773 3925 putet
786 3880 840 3911 erec
856 3879 1014 3924 quocunque,
1029 3867 1096 3924 quael
1111 3881 1157 3913 non

110 3947 136 3993 id
151 3946 266 3990 Horatiae
280 3945 357 3999 dicat,
379 3944 409 3988 nd
424 3945 568 3999 ringulorum
585 3943 753 4000 proprietatem
767 3942 985 3988 adcommodandurn
999 3955 1054 3986 erre
1069 3945 1157 3987 cautio-

111 4036 174 4068 norn.
203 4023 230 4065 ln
244 4021 321 4065 iudice
335 4027 414 4065 autom
425 4019 608 4063 continuationis
623 4032 708 4064 canora
721 4019 818 4064 ascribit
833 4019 888 4062 Liu-
903 4018 979 4076 llel‚
997 4021 1018 4074 8,
1034 4021 1054 4075 Ι,
1069 4019 1109 4064 ubl
1123 4027 1157 4064 at:

111 4105 232 4143 uertente
247 4112 274 4141 re
289 4110 384 4153 quoque
398 4099 431 4141 od
446 4099 557 4141 dieeouor
571 4097 702 4140 clamoren.
730 4097 768 4140 lle
782 4094 916 4139 Gronouinr
936 4094 1030 4151 quiden
1049 4108 1158 4140 errorent

112 4174 210 4227 uitauit,
226 4174 265 4231 qui
280 4175 310 4220 ad
324 4175 378 4220 bia.
394 4176 412 4230 Ι,
427 4174 453 4218 ll
467 4173 609 4218 aCicrronia
623 4173 666 4220 lib.
680 4173 703 4217 11
715 4171 745 4215 de
759 4171 833 4228 begu.
847 4185 869 4218 c.
882 4172 905 4229 8,
918 4177 946 4221 bb
964 4176 1088 4232 ercripritr
1103 4189 1157 4233 quoe

111 4251 213 4308 (iegitur
228 4264 337 4310 queque,
353 4251 376 4294 iri
392 4256 435 4303 ort,
450 4256 476 4293 ot
490 4251 552 4307 quae)
567 4252 671 4308 quotque
685 4251 744 4295 diuo
760 4250 858 4292 deeoroe
871 4251 1157 4308 gruuquoointborrlu

110 4329 278 4383 prouidentm·
294 4326 664 4373 Drakenburebiurautonretianr
677 4325 727 4369 brec
740 4325 820 4371 ablui
834 4325 875 4371 lib.
889 4325 932 4380 ΙΙΙ,
948 4327 974 4371 18
988 4323 1068 4382 ponit:
1083 4326 1126 4368 Su
1135 4338 1157 4368 oe

108 4407 224 4460 ,tortura
240 4417 255 4447 e
271 4416 393 4461 qaoque
409 4409 532 4460 cumptum
556 4402 705 4460 supplicium
724 4408 756 4447 et.
