2730 5016
130 345 193 407 734
464 338 543 413 ,DE
566 335 742 404 FlNlBUS
764 335 868 403 BON.

132 552 241 604 autem
263 534 512 620 amplitudinem
537 535 630 619 quasi
661 535 694 596 in
717 531 823 597 altera
841 530 953 621 librae
977 531 1078 598 lance
1103 555 1217 619 ponere.

131 754 206 825 quod
227 751 262 805 ad
279 752 336 816 lv,
364 749 400 803 ab
418 750 577 820 expositum
594 754 638 816 rt,
657 749 685 805 in
704 749 800 822 priore
818 750 872 805 illa
889 753 1040 806 sententia
1060 752 1211 823 dubiumst,

130 845 223 900 diciue
242 840 366 913 potuerit
382 845 475 912 potius
500 862 580 918 quom
605 845 769 918 exquirere).
822 844 878 896 Sed
901 844 930 898 iu
952 846 1010 897 bac
1035 863 1156 915 quoquc
1171 864 1209 900 ur·

130 938 280 1011 paratione
298 933 404 1006 aliquid
423 934 583 989 offensionis
602 936 706 1000 babet,
742 936 816 1004 quod
843 918 973 988 alterum
994 938 1128 1012 (aliquid
1145 956 1210 990 nara

131 1032 286 1106 requirere)
306 1019 459 1097 plenumst
478 1035 506 1080 et
523 1046 649 1082 seorsum
661 1028 774 1091 dicitur,
792 1028 918 1080 alterurn
933 1030 1002 1093 (nec
1014 1031 1213 1094 fraudorebal

132 1120 397 1194 exsuperioribus,
416 1137 477 1191 quas
495 1120 531 1173 ad
550 1121 780 1189 conparationem
800 1137 854 1173 non
877 1121 1028 1190 pertinent
1051 1124 1216 1190 (appello-ct

131 1232 234 1269 nerum
252 1221 295 1277 st,
314 1214 446 1283 quoniam
461 1212 526 1266 iude
544 1213 659 1267 auditur
678 1211 853 1267 accusatiuoa
870 1213 955 1265 uerbi
968 1215 1130 1277 fraudare.
1164 1216 1217 1276 (Ali-

132 1308 205 1379 quod
221 1306 356 1370 scribere,
374 1312 407 1358 ut
419 1322 515 1356 nomen
533 1305 675 1369 audiatur,
693 1323 808 1375 prorsus
828 1323 881 1359 non
902 1306 974 1359 licet
991 1305 1022 1359 in
1045 1309 1106 1361 bac
1124 1318 1217 1362 scatea-

131 1406 190 1462 tia3
228 1415 293 1451 uam
320 1414 425 1450 nouom
452 1414 553 1450 nomen
579 1413 648 1449 sana
669 1397 756 1450 Stoici
774 1398 987 1468 exquirebant.)
1049 1403 1217 1456 uerumlm

132 1492 253 1544 sortasse
272 1488 462 1544 excusabitur.
506 1488 660 1542 Uideamua
675 1488 763 1560 igitur
783 1491 818 1542 de
835 1491 950 1553 uerbis,
976 1489 1136 1562 inquibus
1153 1511 1218 1568 qua

128 1585 223 1653 petius
241 1600 292 1652 pro
310 1583 403 1648 potius
428 1598 509 1654 quoru
534 1598 592 1634 nou
616 1583 699 1635 modo
726 1584 761 1636 ob
782 1599 836 1634 usu
854 1583 994 1635 sermonis
1003 1620 1014 1645 ,
1057 1589 1108 1638 sed
1137 1587 1219 1640 abis-

132 1685 212 1731 tuma
235 1675 294 1727 eius
313 1681 416 1727 natura
434 1675 598 1738 abliorrere,
616 1672 677 1743 quis
695 1692 749 1727 nou
768 1673 935 1745 intellegit?
955 1677 1038 1729 Duos
1056 1678 1127 1732 illos
1145 1681 1218 1739 locas,

131 1771 160 1822 in
180 1768 282 1840 quibua
301 1767 364 1819 iuda
383 1783 400 1819 a
418 1766 567 1837 scaligero
589 1766 640 1832 (acl
661 1766 742 1836 Uirg.
763 1767 843 1835 Copae
861 1760 927 1819 ab
947 1776 976 1821 et
995 1769 1030 1835 6)
1052 1772 1154 1825 eadem
1165 1789 1219 1841 prr·

131 1861 252 1914 ueraitaa
274 1859 499 1922 defendebatur,
518 1859 553 1911 od
572 1860 627 1918 IV,
647 1857 684 1911 2⁰
702 1857 847 1927 expediui,
870 1860 997 1913 alterum
1017 1879 1055 1915 eo
1074 1864 1218 1917 uebemea·

131 1955 187 2007 tius
204 1951 378 2006 correctione
398 1958 545 2021 egentem,
584 1950 658 2018 quod
686 1948 903 2020 apertissumum
923 1952 952 2004 in
972 1953 1061 2005 uerbi
1081 1957 1218 2009 modo-sa·

132 2046 299 2098 loccismum
324 2045 452 2097 babebat
477 2043 583 2111 (potior
609 2059 688 2109 quarn
711 2051 840 2110 paternus
866 2071 901 2084 -·
928 2047 1061 2113 edimur).
1111 2048 1218 2114 (Gaia.

132 2138 307 2199 omittamus,
326 2138 375 2206 qui
395 2134 528 2206 primum,
546 2137 652 2208 aliquid
669 2151 729 2188 erre
748 2137 835 2199 uliud,
854 2137 947 2200 docet,
965 2141 1031 2190 eum
1053 2139 1219 2194 breuissur

131 2229 228 2301 pouit,
264 2228 424 2298 sapissurne
443 2229 554 2281 Grecos
574 2228 669 2280 dicere
694 2222 712 2296 ἢ
735 2221 802 2281 ἄλλο
827 2248 853 2281 ιι
876 2222 998 2297 μᾶλλον,
1038 2250 1096 2285 nou
1117 2243 1217 2302 putata.

132 2323 245 2375 Graecos
271 2339 321 2389 pro
352 2335 405 2380 eu,
433 2320 506 2389 quod
533 2326 575 2372 est
596 2318 673 2374 reiro
689 2314 825 2389 pellavi
851 2313 918 2374 iiiia
944 2342 971 2374 τι
997 2323 1099 2377 dicero
1115 2317 1218 2393 rorico?

131 2408 200 2467 ἄλλο
218 2434 245 2466 τι
262 2409 379 2481 μᾶλλον,
405 2413 470 2478 secl,
498 2419 528 2464 ut
547 2412 638 2477 solet,
656 2414 780 2465 nesciens
800 2421 828 2465 et
846 2414 880 2465 de
899 2430 955 2482 quo
975 2413 1030 2468 alii
1048 2419 1217 2472 dubitentd

132 2505 200 2575 quid
226 2504 286 2576 ipae
313 2503 448 2557 ebulliat:
487 2503 598 2555 Orellio
625 2511 719 2556 tamen
736 2504 851 2559 uidetur
868 2506 1071 2578 satisfecisse.)
1126 2512 1215 2582 ituqar

132 2598 240 2652 Lbinus
259 2605 287 2650 et
310 2596 459 2659 neutrius,
479 2594 579 2663 quibua
597 2598 743 2649 Ernestius
762 2598 934 2663 adsentitur,
951 2601 1051 2666 potius
1070 2611 1137 2655 aute
1150 2616 1218 2677 qun

132 2696 305 2761 posuerunt,
343 2687 503 2758 corrigendi
527 2704 632 2758 genere
657 2690 784 2745 minusne
803 2689 945 2759 probabili
966 2700 1093 2748 utentes.
1146 2691 1216 2762 Quoi

134 2793 231 2837 autem
250 2788 386 2852 praterea
413 2778 528 2832 Dauisio
555 2781 582 2833 in
610 2790 733 2835 mentem
759 2784 858 2845 uenit,
896 2802 978 2853 posse
1005 2803 1058 2838 nos
1088 2785 1217 2854 particula

130 2877 225 2944 potior
242 2873 354 2928 omnino
374 2890 490 2935 carere,
522 2881 554 2925 ιιι
572 2875 735 2942 conparatio
756 2892 788 2927 ex
807 2877 868 2927 sola
887 2893 959 2927 uoce
976 2895 1060 2951 quum
1079 2879 1213 2932 sentiatur·

134 2969 256 3036 primum
279 2967 338 3018 eius
357 2965 492 3017 orationis
507 2967 603 3018 iormae
621 2982 709 3018 uuum
728 2967 840 3020 omnino
860 2971 935 3037 apud
950 2969 1122 3024 Ciceronem
1135 2986 1210 3023 urar·

134 3063 211 3130 plum
231 3062 257 3111 at
276 3060 303 3110 ll
321 3059 356 3109 de
377 3057 488 3109 inirent.
516 3057 534 3109 5
560 3058 601 3124 (ai
618 3076 636 3109 a
654 3060 747 3110 multia
767 3061 870 3128 eligere
890 3061 1012 3112 homiues
1032 3063 1213 3114 commodan-

132 3170 203 3205 rnurn
222 3153 335 3225 quicque
359 3167 439 3223 quom
465 3167 524 3202 aeae
550 3149 600 3200 oni
625 3151 711 3202 elicui
728 3159 802 3203 certo
819 3153 948 3204 addicere
966 3154 1108 3221 uellent),
1143 3152 1215 3222 idque

134 3245 225 3297 rnullo
245 3241 383 3295 facilioris
402 3242 531 3311 generis3
558 3258 623 3294 uam
642 3243 670 3294 in
690 3245 791 3296 uellent
810 3244 897 3296 laclia
916 3262 931 3296 e
950 3246 1062 3299 decreti
1082 3247 1216 3318 significa·

132 3336 208 3389 tione
228 3335 338 3387 eruitur
356 3334 564 3402 conpunctionis
587 3334 629 3396 (ιιι
655 3335 728 3403 apud
756 3337 906 3388 Plautum:
944 3346 1052 3391 certum
1082 3347 1108 3392 rt
1133 3336 1218 3392 nerei

132 3447 211 3501 qoem
230 3429 301 3478 lonc
317 3428 381 3495 poti
397 3426 480 3491 &ck
498 3428 525 3480 in
541 3427 595 3477 bac
613 3426 724 3494 quidem
744 3426 923 3496 inplicatiore
942 3432 1077 3485 oratione
1096 3440 1159 3502 post
1174 3447 1218 3482 aa·

133 3521 202 3571 deba
223 3537 258 3571 nc
278 3520 296 3570 ii
316 3517 429 3588 quidem
448 3521 615 3589 scriptores,
650 3519 697 3588 qui
716 3520 744 3572 iu
763 3520 815 3574 illa
833 3523 927 3575 forma
946 3523 1064 3594 lougius
1085 3518 1220 3594 progressi

130 3619 211 3674 sunt,
249 3611 289 3663 ila
309 3611 396 3663 locuti
416 3615 525 3676 essent;
565 3612 665 3665 deiude
684 3630 797 3681 prorsus
814 3615 869 3666 hoc
888 3615 1001 3668 tollitur
1019 3617 1051 3669 in
1072 3632 1123 3681 aa,
1143 3632 1219 3686 quan

131 3703 241 3756 ostendi
260 3720 346 3755 sinam
367 3721 426 3755 esse
447 3723 537 3774 posse,
553 3705 770 3773 conparatione,
806 3707 940 3774 quonium
969 3725 1005 3761 aa
1027 3728 1086 3764 uon
1105 3712 1142 3763 ad
1160 3726 1220 3761 uer·

131 3797 199 3848 bum
219 3798 323 3848 audebo
341 3796 466 3848 refertur
485 3815 575 3865 neque
594 3798 622 3849 in
642 3798 754 3849 delectu
766 3798 807 3850 rci
826 3798 919 3850 sedin
938 3800 1058 3853 nomine
1078 3802 1172 3871 positu
1188 3806 1218 3852 ιι.

130 3889 186 3941 llic
203 3888 290 3943 tantis
317 3889 466 3942 dubitandi
494 3889 599 3941 corrasis
625 3890 736 3942 adrodit
761 3907 834 3942 nunc
860 3891 965 3944 codicis
991 3893 1055 3946 uri.
1084 3894 1219 3963 scriptun

130 3980 164 4044 (a
182 3980 253 4032 Gaio
279 3983 479 4050 praetermissa)
503 3982 662 4053 acquirere,
702 3999 786 4050 quarn
811 3983 929 4034 eandem
955 3983 986 4035 iu
1014 3985 1118 4037 ceteris
1146 3983 1218 4037 boair

128 4071 227 4136 tuisse,
245 4090 295 4124 cur
314 4091 367 4125 nou
386 4072 585 4142 auspicemur?
605 4074 672 4125 Hac
691 4073 878 4127 consideranti
896 4073 967 4127 mibi
986 4076 1177 4131 uehementer
1193 4075 1218 4126 ia

129 4163 316 4233 suspicionem
335 4165 416 4216 uenit
433 4183 511 4231 qoem
532 4165 691 4233 particula,
718 4184 802 4235 quous
824 4165 851 4219 in
870 4167 989 4237 antiqua
1009 4169 1154 4239 scriptura
1170 4167 1219 4221 ali·

130 4255 197 4325 quid
216 4257 361 4309 turbatum
381 4267 469 4319 esset,
489 4266 605 4325 propter
621 4258 715 4325 potius
735 4259 857 4328 ascripta
877 4278 937 4312 ease
958 4262 996 4313 ub
1016 4262 1116 4332 aliquo
1136 4261 1218 4314 libra·

129 4347 190 4408 rin,
229 4350 329 4402 deinde
354 4365 444 4417 prauo
472 4350 534 4402 loco
562 4350 667 4403 inserta
694 4350 813 4415 ceteris,
849 4369 866 4405 a
892 4350 1032 4406 Cicerone
1061 4359 1158 4408 auten
1180 4350 1216 4404 sie
