2706 5018
211 344 253 405 Ιθ
562 339 622 405 nt:
644 336 820 406 FlNlBUS
845 336 946 404 BON.

212 549 281 598 tum
312 535 497 620 potuimus,
541 554 606 596 non
635 533 730 597 modo
761 533 837 618 quid
867 531 962 596 nobis
987 530 1204 618 probaretur,
1251 536 1310 601 ssd

213 643 312 705 etiarn
341 639 417 725 quid
442 661 462 703 s
491 637 632 725 singulis
659 638 890 725 philosophiae
920 637 1102 723 disciplinis
1126 639 1309 721 diceretur,

213 748 377 833 persecuti
396 766 519 809 sumus.
1330 726 1336 737 ’

304 851 346 916 V.
389 854 440 916 ts.
472 851 517 917 Ut
538 862 647 913 autem
669 870 693 932 a·
711 847 889 912 taciturnis
911 849 1095 927 ordiamur,
1119 851 1231 936 prima
1252 870 1310 914 uc·

214 959 283 1020 niat
303 960 336 1020 in
361 958 504 1021 medium
527 956 660 1042 Epicuri
682 958 786 1034 sntio,
829 977 912 1041 quac
935 954 1101 1042 plerisque
1124 957 1311 1021 notissnms

214 1075 263 1141 st,
305 1084 401 1149 quam
426 1062 559 1149 anobis
580 1064 628 1126 sic
649 1060 827 1146 intelleges
851 1064 1059 1146 expositam,
1091 1073 1128 1124 ut
1150 1059 1194 1124 ab
1217 1063 1311 1144 ipsis,

215 1170 271 1252 qui
299 1190 372 1233 eam
402 1167 607 1253 disciplinam
627 1166 781 1253 probant,
821 1188 885 1230 non
911 1166 1016 1231 soleat
1039 1167 1230 1232 adcuratius
1250 1188 1311 1231 ex·

213 1274 342 1356 plicari.
407 1275 530 1340 Uerum
553 1277 641 1337 eninr
663 1276 813 1336 inuenire
838 1270 1012 1351 uolumus,
1054 1294 1119 1336 non
1141 1287 1320 1359 tamqnam·

215 1380 437 1445 aduersarium
460 1379 602 1466 aliquem
625 1381 830 1443 conuincere.
885 1378 1051 1442 Adcurate
1075 1390 1186 1443 antem
1209 1398 1312 1463 qnon-

215 1487 290 1549 dam
314 1486 395 1550 aL.
418 1484 606 1571 Torquato,
638 1483 770 1547 homino
796 1486 885 1547 omni
907 1484 1055 1548 doctrina
1074 1485 1229 1562 erudito,
1254 1484 1310 1547 de·

214 1593 309 1656 sensa
332 1605 362 1655 st
384 1591 517 1679 Epicuri
539 1592 701 1655 sententia
722 1589 762 1653 de
789 1589 975 1676 uoluptate,
1019 1612 1038 1653 a
1060 1611 1179 1676 meque
1203 1589 1237 1653 ci
1258 1609 1310 1651 re·

216 1719 394 1783 sponsum,
426 1719 524 1783 quom
547 1694 585 1759 C.
608 1695 780 1775 Triarius,
814 1696 847 1758 in
869 1698 982 1781 primis
1004 1697 1117 1782 grauis
1139 1684 1173 1758 ct
1194 1695 1311 1758 doctus

217 1802 420 1882 adulescens,
444 1806 475 1866 ei
498 1804 710 1888 disputationi
733 1805 918 1865 interesset.
963 1802 1016 1864 14.
1037 1799 1121 1864 Nam
1145 1821 1246 1884 quom
1269 1798 1309 1863 atl

218 1932 269 1975 rue
291 1913 324 1971 in
334 1907 517 1973 Cumanum
537 1907 701 1972 salutandi
726 1929 841 1972 caussa
864 1919 1000 1993 uterque
1025 1907 1185 1986 uenisset,
1207 1926 1308 1990 panca

216 2017 323 2099 primo
355 2016 439 2077 inter
470 2035 530 2076 nos
560 2015 600 2076 dc
630 2013 769 2090 litteris,
814 2034 950 2097 quarum
982 2033 1144 2077 summurn
1176 2024 1249 2077 erat
1277 2013 1307 2075 iu

217 2132 355 2204 utroque.
377 2119 538 2193 studium
579 2119 697 2182 deindo
722 2116 931 2203 Torquatus,
970 2117 1135 2195 Quoniam
1161 2119 1250 2181 nacti
1266 2128 1306 2195 ts,

218 2225 344 2308 inquit,
367 2243 480 2286 sumus
502 2222 678 2308 aliquando
703 2227 857 2304 otiosum,
881 2237 969 2287 certe
991 2225 1134 2299 audiam,
1158 2223 1238 2309 quid
1258 2224 1308 2301 sit,

220 2329 305 2416 qnod
329 2330 505 2415 Epicurum
534 2342 681 2392 nostrum
712 2351 777 2393 non
799 2344 833 2393 tu
858 2331 987 2416 quidem
1012 2331 1140 2407 oderis,
1186 2341 1222 2391 ut
1242 2328 1307 2392 tere

219 2435 360 2515 faciunt,
405 2435 461 2519 qui
491 2432 531 2496 ab
562 2456 601 2497 eo
632 2434 846 2515 dissentiunt,
893 2435 949 2498 sed
983 2448 1070 2499 certe
1093 2455 1158 2498 non
1181 2433 1309 2520 probes,

221 2562 319 2619 eum,
343 2560 438 2623 quem
462 2560 523 2623 ego
549 2537 689 2603 arbitror
711 2563 812 2604 unum
835 2541 957 2604 uidisse
981 2563 1108 2618 uerum,
1130 2543 1311 2605 maxumis·

273 2689 348 2743 ruodo)
362 2690 441 2735 omli
482 2690 587 2746 sobino
601 2690 706 2735 nuduli
733 2693 756 2744 s)
771 2704 815 2735 om.
829 2691 851 2735 R
892 2690 1030 2748 disprlirls)
1045 2690 1213 2746 discipsltsc
1279 2691 1312 2736 ts

221 2766 348 2822 ordiuntur)
361 2768 541 2813 erasmus.
571 2766 646 2825 apsis)
661 2766 743 2812 usuc
775 2767 813 2821 Ι..)
830 2768 865 2813 u.
879 2767 901 2810 B
934 2767 1049 2821 c.)1'.c
1112 2767 1146 2810 ta
1160 2765 1313 2823 pri-cmi·

220 2843 318 2889 munuli
366 2843 495 2902 primaint.
511 2845 562 2899 nus)
576 2845 622 2888 ist.
638 2856 663 2887 ss·
676 2856 715 2900 pr.
729 2843 750 2886 B
799 2843 861 2888 nsctl
875 2844 908 2896 te)
923 2843 970 2886 Ιιιιο
984 2842 1068 2888 tutan
1115 2841 1186 2897 quot)
1199 2843 1261 2900 quta
1273 2840 1314 2889 81·

221 2920 309 2974 oderis)
321 2921 437 2966 acutuli
463 2922 526 2976 turn)
541 2927 610 2966 csrts
624 2920 652 2965 Μ
680 2919 848 2975 maxumisque)
862 2918 1031 2962 mustmtslrl’

222 3058 344 3111 tincstur
362 3066 391 3111 ot
414 3059 465 3125 (ds
485 3058 550 3112 utu.
568 3058 612 3123 lt,
630 3057 680 3125 t)=
717 3063 749 3110 ut
768 3056 873 3108 Groecis
892 3056 925 3108 ds
941 3055 1119 3124 putusoptt«
1137 3054 1244 3107 litteris
1262 3070 1318 3107 sss

223 3154 333 3217 egeant,
352 3157 468 3219 propter
485 3150 597 3202 adiecta
614 3149 709 3201 multis
725 3154 753 3202 ct
771 3150 805 3201 dc
820 3147 1016 3216 philosopiim
1047 3166 1099 3202 nec
1117 3153 1214 3202 tumen
1232 3146 1318 3203 dulti-

223 3239 358 3292 tutionem
379 3256 492 3307 prorsus
507 3242 622 3295 tollunt.

293 3331 461 3398 disciplinis)
493 3329 588 3384 Etiam
613 3329 643 3382 in
668 3327 743 3397 Spir.
773 3334 801 3382 ct
828 3329 900 3382 (ind.
922 3328 1021 3384 iuret
1040 3328 1201 3399 discipulis,
1240 3326 1317 3398 qssd

223 3419 373 3491 '’Scaligcr
392 3423 428 3474 ud
446 3439 525 3475 orum
546 3420 613 3474 libri
631 3421 766 3475 adlctrit.'’
800 3422 877 3474 Lcne
895 3421 1027 3473 meudun
1046 3428 1081 3474 st.

296 3513 363 3582 Cap.
382 3515 415 3577 V,
433 3513 475 3566 13.
517 3515 552 3566 Ut
578 3522 669 3567 nutem
698 3531 716 3564 a
730 3513 886 3577 sacillumis
905 3512 1056 3575 ordiamur)
1094 3509 1174 3580 Seps
1192 3509 1249 3563 lsoc
1267 3507 1317 3561 Cl-

224 3617 290 3657 csso
310 3609 339 3657 ct
356 3603 419 3657 inre
434 3603 513 3672 dicit,
532 3604 710 3661 facillumum
724 3624 785 3659 csso
802 3603 920 3676 Epicuri
939 3601 1127 3672 disciplinans,
1144 3602 1219 3671 quod
1235 3601 1319 3654 nulls

224 3692 263 3748 sit
279 3692 306 3748 in
326 3712 360 3750 cs
377 3695 530 3761 subtilitas,
548 3700 629 3753 nulla
648 3717 745 3753 rernm
762 3699 956 3751 ncrbornmus
972 3693 1137 3749 obscuritas.
1174 3692 1236 3746 ctr.
1252 3690 1318 3762 W,

224 3787 309 3842 Tnsc.
328 3791 377 3850 IV,
395 3789 414 3844 Β
431 3795 460 3842 ct
476 3791 504 3842 7.

294 3881 329 3931 ub
347 3881 429 3947 ipsis)
448 3882 541 3949 Quom
560 3882 690 3934 cderetm·
705 3882 740 3932 ub
759 3880 812 3943 luis,
830 3878 860 3932 in
878 3894 969 3947 marg.
991 3877 1065 3929 Crat.
1085 3879 1114 3927 et
1130 3891 1146 3926 c
1164 3873 1227 3937 cod.
1243 3872 1318 3927 lchl.

225 3968 379 4024 stlnotstsr
395 3971 430 4023 ub
448 3971 525 4038 ipsis.
562 3971 713 4039 Fueritnc,
733 3971 807 4042 quod
827 3988 882 4024 non
902 3968 1005 4034 credo,
1029 3966 1210 4021 scribendum
1229 3967 1264 4020 ul
1284 3964 1320 4017 iis

225 4060 303 4130 ipsis,
322 4063 357 4115 ud
376 4069 412 4127 11,
429 4061 466 4116 98
485 4069 633 4132 queretur.

294 4150 338 4206 ls
377 4153 528 4223 Epicurum
551 4162 675 4210 nostrum
699 4145 754 4207 non
783 4153 853 4221 duc.)
878 4153 988 4206 ’'Pslst.
1015 4168 1057 4222 pr.
1086 4147 1211 4219 smplins
1229 4148 1318 4202 lssltst

226 4242 336 4298 hesim
353 4246 402 4298 uol
418 4246 513 4300 simile
529 4247 614 4317 qnid3
632 4264 698 4304 stun
716 4247 829 4319 syllaba
848 4251 992 4317 postrema
1009 4242 1125 4315 uirguls
1136 4248 1163 4296 st
1181 4239 1319 4297 incubans

226 4333 330 4390 littore
348 4336 386 4390 t.”
425 4337 624 4392 Gruterus.
