2706 5018
295 374 357 445 ΕΤ
378 374 489 447 MAI..
510 376 596 447 [ΑΒ.
618 379 651 446 ll
673 377 771 447 CAP.
792 384 846 445 2⁰.
1055 388 1120 454 269

116 572 219 641 xxl.
264 576 319 640 ot.
341 574 413 641 Aut
434 574 517 641 haee
538 574 617 655 tibi,
663 574 850 663 Torquate,
894 591 971 642 sunt
990 581 1118 664 uitupe-

108 702 126 745 a
154 693 212 744 aut
242 683 464 767 patrocinium
493 679 676 768 uoluptatis
712 684 960 769 repudiandum.
1019 684 1118 763 Quod

108 808 136 851 m
165 790 389 873 patrocinium
420 800 477 852 aut
506 808 591 873 quae
623 789 688 851 ista
719 810 835 853 caussa
864 801 895 853 st
926 788 1118 873 uoluptatis,

108 915 190 957 ¹nee
211 894 308 958 testis
332 892 421 958 ullos
444 915 463 957 e
484 891 583 957 elaris
605 895 687 957 uiris
708 916 769 958 nee
789 892 975 960 laudatores
997 899 1119 982 poterit

108 997 202 1064 berei
248 997 295 1065 Ut
323 1000 411 1064 enim
439 1020 500 1064 nos
520 1019 564 1063 ox
589 999 758 1063 annalium
782 1005 1002 1065 monumentis
1025 1006 1118 1068 testis

108 1118 209 1169 mmus
240 1124 318 1183 eos,
364 1125 501 1191 quorum
525 1107 633 1168 omnis
653 1108 722 1170 nita
744 1118 936 1193 consumpta
959 1119 990 1170 st
1012 1109 1047 1171 in
1069 1107 1118 1173 lu·

108 1218 158 1275 tus
180 1209 359 1297 gloriosis,
394 1213 451 1297 qui
473 1208 653 1296 uoluptatis
675 1232 794 1275 nomen
819 1213 933 1277 andire
955 1235 1021 1278 non
1043 1235 1119 1301 pos·

108 1360 117 1398 ,
159 1319 209 1381 sio
241 1318 277 1381 in
307 1318 429 1381 nostris
461 1315 739 1403 disputationibus
777 1317 917 1383 lristoria
948 1330 1039 1385 muta
1077 1332 1120 1385 st.

108 1498 284 1558 ‚pstmeiniurn
298 1498 356 1555 nol.)
369 1499 419 1547 ool.
432 1505 531 1558 patros.
545 1500 565 1546 la
596 1499 622 1546 ln
638 1500 768 1558 tatoribus)
782 1502 835 1550 sdd.
851 1470 1015 1560 inperterrita
1028 1501 1048 1548 1.
1078 1500 1119 1559 qul

108 1575 159 1632 uls)
178 1576 314 1634 nselmss

108 1730 137 1797 l,
170 1731 219 1787 lii.
239 1730 272 1799 1,
291 1733 361 1788 0ss.
380 1733 482 1803 prater
500 1748 523 1799 ψ
541 1734 640 1802 (modo
660 1736 696 1789 de
715 1751 748 1788 eo
768 1735 1027 1801 tenuissemus),
1066 1732 1121 1789 (isi

108 1840 131 1877 s.
184 1824 251 1878 Non
274 1841 382 1896 magns
405 1824 435 1879 in
451 1824 509 1880 lise
534 1844 566 1879 re
588 1826 716 1880 codicum
735 1822 908 1889 auetoritust
942 1827 991 1878 sed
1011 1825 1121 1891 Cicero,

108 1915 293 1987 rpssitionem
310 1914 479 1981 addidisset,
515 1913 672 1987 scripsisset
690 1918 718 1968 tn
738 1933 839 1969 summo
861 1918 984 1984 s'npsrs'os
1021 1932 1122 1986 qnem-

108 2009 306 2063 rdititnresss
325 2008 478 2077 luitperto,
494 2025 564 2062 num
581 2008 686 2062 etiams
706 2008 734 2060 s'n
753 2024 856 2060 summo
875 2009 991 2080 inperio,
1009 2006 1119 2063 dubito.

108 2102 299 2171 {lismnegst
315 2098 435 2172 Appium
453 2117 597 2154 summum
614 2099 756 2170 inperium
775 2100 919 2165 habuisse,
939 2101 989 2154 sed
1006 2102 1121 2155 tuntum

108 2210 167 2247 rum
188 2192 316 2264 conlegis
333 2192 504 2263 participem
522 2192 626 2258 luisse,
659 2209 694 2247 eu
713 2209 780 2248 uero
799 2195 875 2249 laiss
892 2192 1036 2249 subtilitas
1062 2195 1122 2261 ests

108 2281 131 2339 ld
153 2302 188 2339 ex
206 2285 405 2356 propositione
422 2284 650 2355 intellegeretur.

108 2376 167 2447 dsp-
186 2376 277 2441 XXI,
312 2376 356 2431 tt.
394 2377 582 2444 lausdutores)
613 2376 825 2432 Aiudieiornm
844 2374 1047 2432 consuetudine
1066 2375 1122 2431 hoo

108 2484 130 2523 ι
147 2468 312 2523 tradustum
331 2470 377 2533 st3
395 2466 453 2523 uid.
473 2471 555 2523 Uerr.
577 2472 611 2530 V,
629 2470 664 2523 57
683 2474 712 2524 et
728 2470 808 2524 alibi.
846 2469 1015 2524 Exsituntur
1035 2472 1123 2523 testes

108 2558 177 2615 tisun
197 2560 226 2613 in
246 2577 298 2622 eo,
317 2562 449 2625 luerunt,
467 2558 514 2631 qui
533 2561 686 2628 horrerent)
704 2560 818 2634 proprie
838 2579 923 2631 quom
939 2577 1058 2630 surgere
1077 2558 1123 2614 in·

108 2670 132 2707 rs
149 2660 178 2707 st
198 2651 314 2723 prodire
331 2654 398 2723 (pro
416 2652 490 2706 Rnb.
509 2653 587 2707 Post.
604 2653 648 2714 47,
668 2670 720 2723 pro
738 2655 823 2707 Bntlr.
846 2653 891 2713 tl,
911 2659 943 2706 ut
960 2650 1029 2707 olibi
1048 2652 1123 2705 reei-

108 2762 153 2812 Ι,
168 2746 312 2807 lestores,
337 2743 413 2812 rei),
437 2748 500 2799 tusn
519 2745 548 2800 lr.
568 2744 589 2798 l.
608 2744 697 2798 simili
721 2745 847 2817 imagine
865 2751 950 2813 atque
968 2744 1004 2797 uir
1023 2741 1124 2797 inieris

108 2836 147 2893 sti
161 2835 292 2891 lrnsnines
309 2836 450 2891 dicuntur.

108 2912 314 2999 psisoluptstis
333 2944 430 2981 nomen
448 2927 545 2982 audire
563 2946 617 2981 non
633 2928 762 2998 possent)
780 2922 860 2979 Scire
879 2925 984 2989 uelim,
1014 2923 1049 2976 do
1067 2940 1122 2992 quo

108 3022 253 3077 snerlsnsn
273 3022 365 3074 ullum
383 3019 469 3086 lecit,
504 3022 580 3074 unde
605 3019 653 3073 lrie
669 3022 708 3076 sit
726 3016 921 3074 coniunctiuos
940 3016 1014 3086 (post
1031 3015 1122 3068 illudo

108 3120 190 3183 upts
213 3116 251 3181 st)
279 3116 309 3166 et
333 3129 369 3165 ne
386 3114 527 3180 potueriat
552 3114 686 3186 quidem,
723 3113 772 3168 sed
791 3108 984 3164 conditionale
1002 3114 1122 3178 tempus.

121 3202 145 3259 d
161 3204 225 3276 quis
240 3204 281 3259 sie
300 3204 444 3275 explicare
462 3206 630 3268 sonabitur,
649 3208 681 3260 ut
699 3204 753 3260 sits
790 3206 951 3270 respuerent
968 3198 1123 3267 uoluptatis

108 3314 139 3363 ts,
152 3298 179 3351 si
191 3314 238 3351 sos
251 3296 475 3361 dromonem,
492 3298 549 3351 hoe
564 3298 764 3368 imperfectum
774 3313 825 3365 pro
844 3291 1122 3364 plusquamperfecto

108 3406 152 3445 ιι
169 3394 291 3461 putens,
327 3406 383 3443 non
403 3387 495 3443 minus
509 3406 527 3444 s
542 3393 698 3445 uerborum
716 3387 745 3443 ui
764 3384 912 3441 aberrabit
933 3387 1027 3449 (nemo
1047 3380 1123 3435 enim

108 3484 227 3553 bonnm
254 3480 344 3535 disits
378 3498 433 3533 son
455 3498 570 3550 possent
595 3482 705 3549 orsdire)
727 3497 812 3552 quum
837 3495 855 3533 n
882 3474 1038 3540 sententium
1071 3490 1125 3527 uso

108 3592 126 3639 ι,
140 3592 209 3629 snm
227 3570 373 3644 ssuepturi
394 3574 440 3627 illi
459 3574 514 3629 uiri
532 3574 640 3629 inerint
661 3574 859 3643 uoluptotem‚
884 3568 1037 3639 queritur,
1073 3565 1123 3620 sed

108 3666 154 3723 tin
178 3667 284 3723 sosab
303 3683 338 3721 ea
358 3666 387 3720 in
409 3664 486 3722 omni
505 3666 566 3721 uite
595 3666 704 3730 fuisso,
742 3661 912 3718 ostenditur.
969 3660 1013 3712 Bo
1031 3656 1124 3726 magis

108 3756 277 3815 ltsninmrn
306 3758 411 3813 codicis
438 3760 500 3812 nrt.
525 3757 684 3829 scripturus
709 3753 881 3835 (de-ceteris
900 3751 983 3807 bonis
1001 3750 1124 3811 tacetur,

108 3852 226 3911 ΗΜ
243 3866 278 3907 sn
296 3852 379 3906 nutis
395 3851 451 3905 tide
463 3852 487 3918 ς)
505 3867 591 3922 qnam
609 3850 633 3904 si
650 3849 711 3921 quis
722 3848 812 3921 ipsum
830 3846 982 3899 defendere
999 3839 1072 3895 uelit
1089 3855 1123 3893 ss

108 3960 155 4013 ss,
191 3946 229 3999 ds
246 3960 305 4017 qus
321 3944 389 4016 post
410 3942 483 3998 alios
502 3940 559 3997 dixi
577 3942 606 3996 in
627 3942 764 4012 disputat.
781 3940 832 3993 sit.
852 3938 887 3990 de
909 3940 1009 3989 quen.
1028 3950 1056 4003 p.
1078 3931 1123 3997 11,

108 4054 242 4115 τμη.
261 4031 401 4092 sndistur
418 4035 481 4111 pusi,
515 4033 721 4105 eontrsrinqns
738 4029 883 4087 sententia
903 4025 965 4081 sino
982 4022 1124 4096 particulo

108 4136 244 4205 agutur,
262 4127 508 4202 que-edmodnm
526 4126 556 4181 in
575 4126 674 4180 sedern
691 4126 837 4179 schemate
853 4119 928 4193 opud
942 4116 1062 4187 Quintil.
1080 4113 1122 4174 X,

108 4208 122 4293 ‚⁸
129 4224 160 4281 ld
178 4240 269 4279 snum
289 4204 417 4283 soluat,
435 4222 469 4273 ut
488 4234 541 4283 sn,
558 4233 643 4288 qsrsm
660 4214 727 4283 disi,
746 4214 873 4288 prauitas
891 4207 1000 4279 mgis,
1017 4205 1041 4258 si
1059 4202 1123 4255 lieri

108 4320 133 4387 l,
148 4318 302 4393 adparent.
345 4310 410 4367 Non
427 4310 537 4377 dubito,
554 4310 623 4381 quin
642 4308 742 4363 Cicero
759 4302 920 4378 scripseritt
937 4300 966 4350 iu
984 4290 1124 4348 tatorttos

877 4411 925 4464 17·
