2706 5018
125 374 167 432 rr
478 364 903 465 nunninusuou„

125 563 280 627 deserunt
311 560 451 626 mollitia
482 566 606 644 unimi,
651 565 683 628 id
714 578 783 643 est,
828 561 982 627 laborum
1014 575 1049 626 et
1073 559 1182 624 delere

126 671 217 755 lugu.
283 669 324 732 Et
356 668 472 732 harum
504 672 636 755 quidem
667 693 777 735 reruni
808 668 916 734 fueilir
938 680 989 732 est
1012 679 1045 731 et
1067 662 1182 750 expedi

125 777 303 839 distinctio.
360 774 446 839 Num
465 776 572 841 libero
595 792 762 863 tempore,
804 797 902 861 quom
924 774 1035 839 uoluta
1061 770 1182 836 nobie«

126 880 271 966 eligendi
305 883 418 966 optio,
460 905 623 974 quomque
655 882 738 946 nihil
763 883 921 968 impedit,
960 903 1025 968 quo
1048 876 1183 945 minusi

127 988 211 1073 quod
233 1009 388 1051 maxume
411 987 555 1074 placeat,
596 990 705 1054 fucere
728 992 912 1075 possimus,
941 990 1050 1053 omniu
1073 983 1182 1068 nelupl

119 1095 327 1163 udsumenda
354 1110 403 1175 st,
451 1100 557 1160 erinnis
589 1094 684 1159 dolor
714 1095 938 1180 repellendus.
1004 1087 1182 1178 Temperilu

128 1215 237 1266 autern
260 1202 452 1288 quibusdam
477 1216 510 1265 et
535 1216 591 1267 uut
614 1198 731 1266 officiis
756 1201 876 1266 debitis
899 1215 957 1267 unt
978 1220 1090 1267 rerum
1113 1214 1182 1260 nece

181 1390 206 1430 et
219 1384 324 1430 tieletum
338 1386 404 1442 suge)
416 1389 482 1444 suge
496 1394 520 1431 et
530 1384 610 1430 reth
652 1389 677 1429 et
691 1385 807 1443 expeditu)
823 1384 969 1442 exporuan
1013 1381 1081 1430 nolu
1095 1377 1182 1433 retiret

128 1463 150 1507 n
176 1473 282 1507 maxume
296 1461 396 1518 plueret)
410 1461 445 1517 pl.
462 1461 529 1506 nuli
558 1460 682 1518 perrimur)
692 1462 859 1518 pereumueE
888 1459 1052 1518 repellentur)
1066 1454 1182 1514 depellat

128 1538 240 1583 LMPCR

197 1704 228 1757 iel
252 1710 308 1764 ert,
346 1704 470 1756 laborum
497 1712 523 1757 et
542 1705 666 1759 dolorum
690 1706 782 1775 suge)
819 1705 881 1758 Nun
908 1695 1130 1757 euumemeruuit
1149 1696 1182 1747 eet

129 1797 273 1851 mollitiam
292 1796 393 1859 animi,
415 1804 447 1851 ut
466 1814 500 1851 eu
522 1815 615 1863 nune,
634 1815 694 1869 quur
710 1795 756 1862 rit,
775 1796 944 1867 explicetur,
960 1794 1021 1859 red,
1042 1807 1122 1862 quem
1137 1784 1182 1839 lull

128 1888 167 1943 rie
186 1891 287 1960 luguen
305 1896 371 1945 unte
392 1897 648 1954 conmemurueeet,
667 1874 949 1955 admonetseundenr
968 1903 1044 1941 nune
1065 1897 1125 1936 ure
1142 1878 1182 1931 red

130 1981 284 2036 mollitiam
303 1979 390 2034 enimi
409 1980 559 2049 appellari.
603 1983 702 2051 ltaque
722 1982 896 2053 preponitur
921 1977 1073 2051 explicatio
1095 1972 1182 2039 uuep

129 2071 355 2143 tiur(queniu1n
375 2069 448 2124 nihil
463 2069 511 2123 liic
531 2072 644 2126 obscuri
664 2073 836 2145 explicatur)
856 2090 932 2127 neuu
950 2072 1029 2126 notio
1055 2058 1182 2139 eppelhffl

130 2182 195 2234 que,
214 2162 354 2235 requitur,
372 2163 445 2233 quud
466 2171 567 2218 netum
586 2172 647 2219 erut
665 2172 693 2219 et
712 2167 912 2231 antedictum,
931 2172 966 2218 ut
983 2164 1013 2217 ir
1034 2167 1075 2215 eet
1090 2157 1123 2213 eit
1140 2155 1182 2207 lul

132 2258 162 2308 id
183 2262 224 2309 eet
243 2257 313 2309 euim
332 2258 381 2323 (de
400 2275 457 2328 que
476 2257 535 2310 uid.
555 2258 590 2309 ud
609 2262 663 2324 IV,
685 2259 742 2327 26).
777 2260 826 2312 Fit
842 2259 872 2312 id
894 2254 1067 2329 aliquotiens
1085 2242 1182 2321 upulli

131 2370 274 2414 cereneur,
292 2359 325 2407 ut
345 2369 434 2423 eupru
453 2352 504 2406 25:
527 2353 671 2414 letitiam,
691 2353 720 2404 iel
739 2359 797 2414 eet,
815 2352 1003 2421 rieluptutem5
1022 2353 1106 2406 Ture.
1122 2337 1182 2410 1,71

59 2436 68 2457 ⁸
131 2464 149 2499 u
168 2446 324 2514 uoluptate,
344 2445 373 2496 iel
392 2451 450 2505 eet,
487 2462 505 2496 u
527 2463 641 2514 corpere
659 2446 710 2512 (de
728 2462 847 2515 corpure
869 2443 999 2514 egitur);
1024 2440 1150 2497 Lulfflt
1178 2448 1182 2480 ¹

131 2555 231 2602 rcere,
251 2538 280 2589 iel
295 2544 352 2602 eet,
374 2536 543 2589 lucentiore
562 2536 737 2606 (contionem
757 2543 785 2590 et
803 2537 961 2591 orationem
980 2536 1049 2590 laeli
1068 2540 1182 2587 eenmut

133 2630 233 2693 reret).
272 2629 371 2698 lteque
389 2627 428 2681 eie
450 2629 550 2682 Cicero
569 2626 718 2699 loquitur,
747 2627 798 2682 uhi
815 2630 915 2683 Groecu
932 2625 1039 2683 rulrieit
1056 2620 1182 2693 interpell

131 2720 202 2775 tiuui
214 2720 328 2788 Latine,
347 2721 433 2774 Acuti.
452 2722 488 2786 ll,
506 2720 542 2774 tt
554 2726 582 2775 el
600 2721 686 2774 Ture.
706 2727 756 2787 111,
774 2721 819 2786 65,
840 2720 1036 2776 ubiDeuieiue
1055 2721 1123 2772 duee
1133 2708 1182 2784 01111

132 2814 243 2870 utilieni
269 2816 347 2869 lucer
366 2811 504 2882 ascripsit.

177 2910 183 2919 '
202 2908 325 2977 eligendi
342 2908 427 2976 optio)
445 2904 627 2960 Abundantin
648 2907 771 2978 quiedam
786 2906 996 2963 substantium
1015 2892 1182 2974 pungerent!

132 3007 278 3069 tamquam
298 3005 434 3073 generale
451 2999 488 3056 eit
509 3003 672 3070 (potestus),
691 2999 825 3052 delinitur
843 2999 932 3053 recito
950 2995 1074 3069 gertrudi
1090 2987 1182 3066 genitit

134 3093 241 3147 Preter
261 3096 343 3148 Brut.
365 3095 417 3150 18⁰
435 3096 489 3150 cir.
508 3095 544 3148 ud
562 3097 620 3149 nu.
642 3094 697 3156 ll',
727 3090 780 3143 18.-
819 3091 934 3145 lrilernu
955 3092 1094 3162 legionum
1108 3087 1182 3155 eliget

134 3187 210 3253 optio
230 3187 334 3238 delete.

201 3278 387 3345 repellendus)
404 3279 451 3332 Sic
472 3279 557 3334 etium
575 3276 649 3347 spir.
669 3275 854 3345 edideretque
871 3275 999 3336 Lliinur,
1020 3272 1121 3327 deinde
1136 3268 1182 3323 En

133 3365 223 3433 etius,
242 3375 337 3433 recte3
356 3386 422 3422 num
441 3372 600 3439 depellitur,
618 3370 693 3441 quud
712 3370 807 3422 lecurn
827 3368 884 3422 iem
903 3373 990 3433 tenet,
1009 3373 1042 3420 ut
1059 3361 1146 3418 lebria
1161 3376 1182 3413 u

133 3477 212 3529 pere,
231 3458 299 3525 eliu,
317 3463 470 3528 repellitur,
491 3464 566 3533 quud
585 3461 796 3532 adpropinquat
815 3469 843 3515 et
861 3460 965 3525 instet,
982 3459 1100 3530 pellitur
1117 3449 1182 3510 enrei

133 3551 267 3621 quicquid
287 3554 349 3606 lece
371 3559 524 3619 muuelur;
558 3555 676 3623 pellitur
704 3551 793 3606 hostie
819 3553 847 3607 in
867 3553 928 3606 ueie
952 3559 1050 3612 etune,
1086 3544 1182 3617 repelli

133 3641 262 3708 irruent,
302 3645 452 3712 depellitur
481 3645 641 3716 presidium
667 3647 750 3699 celle.
805 3647 865 3699 cte.
884 3643 1035 3716 Zumptiue
1061 3641 1091 3697 in
1119 3638 1176 3695 uel

134 3733 322 3804 Quinctiliuni
347 3737 446 3809 Spuld.
465 3758 492 3808 p.
512 3738 555 3793 18.
590 3737 666 3792 Mira
685 3742 783 3791 nnrrut
802 3737 880 3800 ouo,
900 3738 987 3791 animi
1003 3737 1133 3789 delorem
1149 3746 1182 3804 pt

133 3826 246 3895 depelli,
263 3846 319 3882 nen
335 3831 468 3897 eerperie,
489 3829 537 3900 qui
554 3830 709 3897 repellatur
727 3825 870 3882 remediis.
909 3827 968 3880 Cir.
991 3826 1040 3894 w,
1053 3825 1099 3880 211.

120 3910 130 3917 ’
205 3924 231 3970 et
248 3926 300 3972 uut
318 3912 423 3987 officiis
444 3922 543 3974 (letitie
561 3929 612 3973 aut
630 3921 698 3987 See.)
731 3917 858 3973 offendit
876 3916 1056 3989 interpreter,
1074 3917 1150 3988 qued
1168 3914 1182 3967 1

135 4010 301 4079 copuletiue
320 4011 534 4084 adiunguntur,
561 4031 621 4084 quie
640 4019 786 4082 tamquam
804 4011 912 4081 epecier
929 4009 1059 4064 subiecta
1079 4015 1146 4063 runt
1163 4013 1182 4059 te

132 4104 256 4173 peritur.
291 4106 392 4177 ltaque
413 4107 555 4160 Gruterus
575 4106 603 4158 iel
621 4112 662 4158 eet
680 4104 764 4158 rcrilii
784 4101 895 4167 uoluit,
933 4104 1066 4158 Bremiur
1087 4107 1114 4155 et
1132 4100 1182 4152 del·

135 4196 212 4267 qued
231 4197 359 4249 feceruut
373 4203 439 4250 unte
456 4198 568 4252 ltlunut.
592 4205 620 4250 et
638 4198 760 4259 Lbinur;
792 4192 887 4249 minue
906 4194 1067 4266 probabilia
1085 4190 1135 4247 ulii
1153 4197 1181 4245 te

136 4293 225 4357 plant.
271 4285 476 4359 Adiunguntur
493 4306 544 4358 per
563 4296 590 4342 et
608 4289 670 4360 ipen
689 4289 819 4361 exemplu
836 4294 865 4341 et
888 4290 1014 4358 speciei,
1050 4302 1105 4339 nun
1123 4298 1182 4355 que

135 4397 187 4449 pru
207 4387 233 4431 et
253 4379 362 4448 quidem
380 4376 501 4450 peritum
521 4379 557 4434 rit
575 4383 659 4447 (nihil
680 4383 754 4437 enim
774 4380 959 4447 intenditur),
986 4380 1033 4434 reti
1052 4375 1142 4446 qued,
1167 4388 1182 4426 u
