2730 5016
402 367 462 434 ET
484 367 595 435 MAL.
619 367 703 434 LlB.
726 369 741 433 l
764 369 860 437 CAP.
881 374 913 434 4.
1163 375 1205 438 27

88 592 96 629 r
154 558 191 623 rel
210 563 336 646 utrisque
356 561 478 627 litteris
501 566 548 626 uti
570 562 672 626 uelint
698 563 773 637 uel,
805 567 834 628 ai
855 586 932 629 anas
955 562 1098 642 hahent,
1129 563 1205 629 illas

148 686 196 728 non
217 687 326 752 magno
357 690 456 754 opere
478 668 674 732 desiderent.
738 671 789 733 ll.
824 668 891 746 Qui
913 683 1022 733 autem
1048 666 1114 732 alia
1137 691 1204 732 ma·

143 768 199 834 lant
216 772 345 838 acribia
370 755 485 853 nohis,
529 777 625 859 aequi
648 795 722 838 esse
746 773 885 853 dehent,
914 775 999 861 quod
1025 786 1058 837 et
1082 776 1205 858 scripta

140 876 222 941 malta
240 893 335 957 sunt,
364 881 413 943 sic
435 893 471 942 ut
491 877 587 964 plura
609 881 733 942 nernini
754 901 773 943 o
797 882 939 957 nostrie,
965 892 997 942 et
1021 879 1205 944 scribentur

135 983 256 1048 fortasse
277 983 392 1070 plura,
417 987 445 1048 si
469 988 537 1048 uita
560 997 731 1070 arrppetet3
762 997 925 1048 ettamen
950 987 1005 1070 qni
1029 984 1205 1070 diligenter

115 1085 218 1170 -haec,
238 1111 322 1175 qnae
344 1090 385 1152 de
409 1089 620 1175 philosophia
641 1089 762 1153 litteris
787 1090 989 1167 mandamus,
1013 1088 1126 1175 legere
1148 1090 1205 1153 ad·

132 1197 281 1274 secuerit,
325 1195 481 1281 iudicabit
513 1194 604 1259 nulla
632 1197 672 1259 ad
700 1195 876 1281 legendum
900 1193 950 1257 his
974 1216 1048 1258 ease
1067 1196 1206 1279 potiora.

135 1296 209 1373 Quid
238 1312 288 1362 est
322 1303 409 1364 enirn
438 1303 472 1363 in
496 1303 564 1364 uita
587 1314 677 1364 tanto
698 1323 799 1385 opere
823 1300 1064 1385 quaerendum,
1110 1320 1206 1383 quam

131 1424 213 1487 quom
243 1409 353 1469 onmia
384 1409 417 1469 in
451 1405 680 1492 philosophia,
727 1419 794 1470 turn
828 1407 880 1485 id,
928 1405 1013 1490 quorl
1039 1403 1090 1466 his
1111 1402 1206 1467 libris

176 1568 209 1612 lt.
221 1569 256 1613 sle
268 1572 304 1624 st)
317 1570 383 1615 steR
409 1569 508 1624 restat)
520 1574 623 1616 memtat
635 1584 724 1620 omues.
750 1571 869 1628 suppetet)
881 1567 1017 1624 sappetttss
1040 1568 1115 1622 aulis)
1128 1567 1206 1612 alts-

131 1641 149 1686 Β
170 1642 213 1697 hl¹)
226 1647 259 1689 fl·
272 1646 300 1690 hl
332 1648 408 1703 quon)
422 1646 501 1692 omli
528 1649 554 1693 lu
568 1647 724 1706 philosophia)
738 1646 817 1695 ouda
845 1647 902 1700 tun)
918 1657 974 1689 esses
987 1645 1009 1689 1

131 1785 262 1857 legerent,
297 1792 347 1844 sed
373 1789 445 1844 nihil
474 1792 602 1863 legentes
628 1792 711 1845 illam
738 1789 950 1844 simulationem
976 1785 1082 1841 inertie
1106 1787 1207 1840 obten-

131 1878 227 1934 soene

188 1972 231 2024 lt.
265 1972 307 2024 sie
324 1977 356 2024 ast
373 1974 460 2041 plura
478 1975 579 2028 nemini
594 1992 609 2028 e
627 1975 745 2040 nostrie)
780 1973 893 2026 Memini
909 1970 995 2026 etiam
1014 1968 1113 2023 ’'lere'’
1140 1968 1209 2023 Gai-

132 2060 180 2128 ssi,
195 2064 250 2134 Ep.
280 2063 464 2118 Aslnotanslus
481 2063 528 2120 hic
545 2067 625 2120 locus
645 2068 681 2119 ad
700 2063 879 2136 questionem
897 2066 932 2117 rle
950 2062 1049 2117 datiuo
1066 2080 1118 2133 pro
1137 2080 1207 2133 pse-

131 2154 256 2223 pssitioue
274 2155 309 2208 ab
326 2155 423 2209 uerbis
449 2158 567 2226 passicis
586 2157 724 2219 subiecto,
744 2157 897 2226 presertim
917 2173 1002 2225 quous
1018 2155 1075 2209 hoc
1092 2172 1209 2224 respon·

131 2246 189 2298 lest
208 2245 374 2315 precedenti
392 2266 411 2300 a
428 2251 512 2304 achis.
576 2249 708 2320 Conlegit
723 2249 812 2319 igitur
831 2249 898 2302 Otto
929 2244 1066 2300 eiusmodi
1084 2249 1161 2300 locos
1178 2245 1209 2299 in

134 2352 240 2390 sscsrsu
266 2338 302 2390 ari
330 2339 362 2396 h.
385 2342 407 2392 1.
432 2342 546 2412 scripto.
598 2342 737 2410 Exempla
762 2341 901 2393 honorum
927 2337 1096 2407 scriptoram
1122 2355 1210 2408 prose

133 2429 257 2482 emtionis
272 2435 323 2483 snt
341 2429 369 2483 in
388 2431 537 2503 participio
554 2443 637 2496 sunt,
673 2441 705 2485 ut
732 2450 778 2484 res
805 2431 913 2484 eclecta
932 2436 1078 2498 tamquam
1096 2436 1212 2482 exteras

134 2528 210 2574 cutes
224 2529 254 2574 et
270 2523 308 2575 arl
333 2531 481 2592 pertonant
505 2525 646 2578 celeratur
671 2522 730 2577 siue
756 2522 896 2578 commodi
927 2522 988 2575 siue
1015 2520 1111 2590 aliqua
1136 2519 1210 2572 eius-

133 2614 200 2665 norli
215 2613 327 2667 ratione
345 2616 528 2680 (pertractato
544 2615 612 2668 milti
629 2623 709 2680 sant,
738 2616 766 2668 irl
785 2604 953 2678 est‚'halreo
973 2617 1165 2681 pertractata,
1183 2611 1212 2663 11

133 2704 165 2755 le
177 2704 257 2760 Osst.
275 2704 345 2768 lam
365 2704 535 2758 elaboratam
553 2707 622 2759 asilii
636 2714 694 2772 eat,
711 2708 776 2761 Dio.
801 2707 830 2760 in
855 2707 924 2758 Ceo.
949 2704 995 2773 to)
1015 2710 1067 2757 aut
1089 2703 1117 2756 in
1137 2703 1212 2755 eius·
1251 2724 1253 2729 >

133 2795 198 2848 uadi
216 2795 330 2862 uerbis,
368 2802 400 2849 ut
418 2814 472 2849 uon
491 2800 584 2852 solnm
601 2800 637 2852 ah
657 2799 773 2872 aliquo,
809 2798 858 2850 sed
877 2796 963 2849 etiarn
982 2793 1070 2847 alicui
1089 2810 1133 2845 res
1150 2790 1214 2845 lieri

132 2883 330 2958 intellegatur,
366 2894 397 2941 ut
417 2886 446 2940 iu
464 2892 605 2956 quarendi
624 2893 724 2946 uerbo.
782 2896 814 2942 In
842 2886 958 2940 incertis
982 2882 1116 2952 exemplis
1140 2898 1213 2951 pono

135 2977 184 3032 fic.
202 2979 239 3031 de
258 2979 371 3031 luceat.
388 2980 411 3043 l,
430 2979 467 3033 86
485 2981 550 3048 (itta
568 2985 646 3038 aohs's
665 2987 698 3050 (a
715 2982 804 3046 nohis)
825 2980 881 3032 alio
900 2984 1020 3046 tempore
1038 2972 1215 3042 explicabim-

135 3070 191 3137 tur)
208 3069 329 3130 iuislsis
349 3071 504 3126 deSenect.
521 3074 556 3128 88
575 3076 697 3143 (uiuenti
716 3072 836 3144 pertinet
858 3071 893 3123 stl
913 3069 1041 3138 obrepit),
1058 3067 1086 3120 in
1104 3081 1216 3119 stamma

135 3176 193 3214 sers
204 3161 320 3216 inscitia
352 3163 490 3217 eiusmodi
514 3167 644 3220 locorum
662 3167 690 3220 iu
709 3164 855 3235 probando
882 3179 980 3227 usum,
1016 3159 1107 3228 qualis
1126 3155 1215 3212 estin

136 3253 203 3321 tp'st.
221 3254 344 3325 Pompei
362 3256 437 3325 apud
456 3257 512 3312 cte.
532 3259 567 3312 stl
585 3259 643 3314 Ata
664 3261 746 3323 vm,
768 3255 802 3310 1²
820 3257 842 3308 Δ
860 3256 877 3307 4
896 3254 1080 3323 (arm-horn.
1103 3272 1131 3322 p.
1148 3251 1215 3319 8⁵1)

136 3346 328 3411 mitiorum,
349 3345 499 3419 inquibus
518 3347 637 3405 dicitur:
660 3351 712 3403 cur·
730 3367 784 3401 noa
801 3348 853 3400 lsoe
870 3344 1020 3400 anditum?
1056 3362 1120 3398 cnm
1139 3350 1216 3398 cete·

136 3434 167 3491 t's
181 3439 387 3493 eosinsioucm.
439 3441 482 3494 Ad
500 3438 583 3495 arne.
603 3441 635 3506 1,
661 3440 696 3493 16
723 3440 788 3492 aliis
806 3440 865 3509 tegi
882 3447 932 3492 ant
959 3437 1083 3491 astutiis
1101 3435 1218 3489 recitari

137 3527 192 3594 (cir.
209 3529 297 3594 xm,
336 3529 385 3595 18)
405 3537 455 3584 aut
472 3533 654 3587 scribendum
671 3533 706 3585 ah
725 3533 798 3586 otiis.
851 3534 894 3585 De
912 3530 995 3583 Liuio
1019 3525 1162 3582 adnotatio
1190 3531 1217 3581 st

138 3619 347 3676 Mahorchi
365 3623 402 3674 sd
421 3624 468 3688 Vl,
487 3624 530 3690 1⁰,
549 3626 575 3688 t,
594 3622 642 3676 uhi
664 3620 720 3677 loci
747 3623 893 3694 corrupti,
929 3621 1012 3675 nnius
1031 3628 1082 3675 aut
1099 3617 1217 3675 alterius

138 3710 195 3767 tort
219 3721 269 3767 sut
294 3713 365 3768 ursii
389 3713 494 3768 codicia
519 3715 661 3787 scriptura
687 3732 705 3770 a
731 3715 831 3769 ceteris
856 3714 1035 3784 discrepans,
1071 3718 1217 3765 structure

140 3802 195 3859 hiae
212 3806 415 3860 sanctissume
434 3815 463 3860 et
480 3806 659 3877 perangetoe',
695 3809 848 3861 adcedente
871 3821 962 3875 praua
985 3799 1218 3873 interpretatione

142 3896 221 3953 loelst
236 3899 309 3959 Xh,
326 3897 373 3964 ao,
393 3896 441 3951 uhi
459 3915 546 3950 aecer
564 3899 604 3952 eis
622 3907 726 3952 ornate
741 3907 805 3953 arsat
824 3906 880 3953 esta
899 3899 936 3950 art
957 3911 1049 3949 coruus
1066 3895 1169 3962 amm),
1187 3894 1217 3948 iu

145 4000 216 4043 naar
242 4007 374 4044 errorum
401 4006 535 4044 acernom
561 3992 597 4043 ab
629 3992 744 4046 homine
770 3990 997 4062 diligentissume
1032 3986 1219 4041 coniciuntur.

147 4075 195 4132 llss
211 4089 323 4150 poterat
344 4098 413 4151 ergo
433 4080 532 4134 Cicero
557 4081 668 4135 dicero:
705 4083 861 4136 scribantur
880 4082 957 4133 nohis
974 4080 1070 4143 multa,
1090 4083 1218 4148 poteratt

150 4171 235 4239 wint«
251 4181 315 4228 sant
332 4174 420 4227 nohis.
474 4174 607 4227 ceterum
626 4171 792 4230 Ciceronem
816 4178 910 4230 Uarro
936 4173 994 4227 iam
1012 4179 1073 4227 tum
1100 4172 1219 4224 fortasse
1244 4187 1247 4191 ·

151 4257 266 4320 librorum
284 4263 470 4321 multitudine
490 4265 660 4335 superabat3
678 4268 727 4321 recl
746 4268 844 4324 cicero
856 4269 891 4321 tle
909 4283 942 4324 eo
960 4279 1066 4338 genere
1074 4258 1220 4323 hecdisit,

154 4355 210 4418 Μ
223 4374 240 4413 a
254 4376 281 4417 se
299 4361 513 4429 expectaretur,
533 4356 716 4414 orationihus.
