2730 5016
201 1547 618 1696 numanum
652 1607 1035 1697 unruorrrs.
1104 1608 1107 1617 ·

78 1924 183 2059 Duo
208 2010 305 2076 sunt,
332 2000 468 2084 opinor,
501 2018 573 2083 qnae
597 1996 739 2063 lectores
763 2021 783 2064 a
806 2022 859 2065 me
881 2000 944 2066 hoc
964 1970 1173 2082 loco‘requi-

76 2122 147 2170 rent
168 2118 244 2186 aut,
270 2111 300 2171 si
322 2127 388 2170 nou
411 2106 578 2191 requirent
597 2106 677 2188 ipsi,
725 2107 864 2192 rogandi
888 2106 970 2171 milri
991 2117 1087 2182 suut,
1137 2116 1173 2166 ut

77 2212 241 2278 beneuolo
264 2215 376 2278 animo
406 2225 440 2276 et
463 2198 595 2276 adtente
619 2212 791 2297 accipiant.
847 2210 933 2277 Nam
962 2215 1102 2299 primum
1124 2211 1173 2274 di·

76 2322 215 2383 cendum
237 2333 268 2383 st
297 2322 339 2384 de
367 2319 488 2384 horum
516 2317 713 2398 librorum,
738 2339 819 2403 quos
851 2317 967 2384 Cicero
990 2319 1030 2383 de
1051 2316 1173 2381 linibus

76 2426 238 2490 bonorum
261 2440 294 2490 et
316 2425 478 2491 malorum
502 2428 645 2512 scripsit,
666 2427 895 2490 emendatione
910 2440 944 2490 et
966 2427 1173 2491 enarratione

77 2547 109 2594 et
135 2536 299 2596 uniuersae
319 2553 470 2619 operosa
502 2553 555 2595 me
583 2534 617 2596 in
649 2533 692 2599 iis
723 2536 838 2617 positae
871 2536 956 2598 ratio
986 2535 1035 2596 sic
1063 2530 1173 2617 expli·

77 2639 192 2717 cauda,
218 2653 265 2718 ut,
289 2660 361 2724 quaa
386 2640 420 2700 in
444 2640 687 2702 commentariis
709 2640 859 2725 disperse
885 2642 991 2725 posita
1016 2651 1112 2715 sunt,
1135 2658 1176 2700 ea

77 2745 116 2807 ad
144 2766 224 2807 suas
246 2765 381 2807 caussas
403 2745 587 2830 generatim
609 2757 763 2809 reuocata
797 2760 831 2808 at
860 2744 1012 2830 intellegi
1042 2742 1174 2831 plenius

77 2864 110 2914 et
131 2851 273 2913 iudicari
296 2852 418 2914 rectius
439 2851 577 2935 possint.
650 2849 725 2926 Quo
756 2850 831 2913 loco
862 2852 962 2914 etiam
992 2846 1074 2910 illud
1098 2845 1176 2910 ecli-

77 2980 151 3021 cere
176 2954 342 3033 conabor,
387 2967 424 3018 ut
451 2953 590 3020 libertas
628 2955 774 3040 quasdam
799 2968 833 3017 et
857 2953 1052 3038 simplicitas
1075 2953 1174 3016 iudici

79 3079 108 3126 et
133 3064 313 3140 orationis,
338 3083 357 3124 a
382 3083 446 3146 qua
467 3080 508 3124 ne
532 3061 585 3124 hic
610 3062 740 3146 quidem
765 3061 953 3140 discedam,
999 3062 1118 3125 merito
1143 3072 1177 3123 et

81 3171 267 3234 necessario
290 3165 439 3233 adhibita
461 3187 534 3230 esse
558 3167 721 3232 uideatur.
767 3166 910 3246 Deinde,
925 3187 996 3251 quae
1018 3166 1059 3229 de
1082 3164 1176 3229 Cice·

78 3278 209 3339 roniani
232 3277 341 3360 operis
373 3275 479 3338 forma
509 3287 608 3360 atque
637 3274 858 3359 descriptione
894 3275 978 3336 scitu
1000 3271 1102 3358 digna
1127 3274 1176 3334 ui-

79 3383 245 3447 debuntur
269 3404 376 3468 neque
400 3384 434 3445 in
459 3383 703 3445 commentariis
725 3393 781 3444 aut
805 3401 864 3464 per
887 3398 1049 3441 excursus
1072 3398 1177 3462 expo-

80 3492 164 3567 sita,
208 3488 472 3574 conprehendam
505 3499 538 3549 et
561 3485 602 3551 ab
632 3489 674 3550 iis
705 3486 745 3549 ad
781 3486 873 3570 ipsos
903 3470 1007 3547 lllrros
1035 3482 1177 3547 lectores

80 3599 221 3658 mittam.
270 3596 335 3660 Sed
358 3597 449 3682 prior
470 3591 531 3656 illa
548 3593 739 3678 disputatio,
762 3594 856 3655 cuius
881 3611 1002 3676 magna
1025 3612 1100 3677 pars
1122 3590 1178 3654 nd-

79 3715 212 3783 paratus
238 3704 343 3765 critici
366 3698 591 3786 explicatione
614 3695 853 3776 continebitur,
900 3718 999 3782 quom
1030 3717 1091 3759 sua
1121 3717 1178 3760 nn·

81 3824 154 3872 tura
178 3811 336 3872 maiorem
362 3807 589 3869 necessitatem
615 3802 734 3869 lrabeat
757 3826 853 3890 quarn
876 3802 1128 3867 delectationem
1146 3803 1178 3864 in

82 3913 178 3977 rebus
201 3916 337 3978 minutis
362 3933 420 3996 per
446 3908 602 3997 ambages
637 3911 892 3997 persequendis,
915 3923 983 3972 tum
1008 3906 1180 3972 molestior

85 4018 136 4097 fir,
161 4022 244 4107 quod
270 4017 347 4105 plus
371 4014 548 4080 uerborum
570 4017 825 4082 consumendum
857 4029 887 4078 st
917 4017 951 4078 in
981 4035 1095 4078 eorum
1128 4035 1181 4079 co-

91 4125 184 4190 dicum
211 4125 534 4202 conmemoratione,
556 4144 638 4208 quos
668 4145 784 4210 parum
817 4121 986 4200 nouimus,
1026 4143 1123 4206 quam
1147 4123 1181 4184 in
1281 4182 1283 4186 ,

89 4250 211 4310 eorum,
261 4251 404 4318 quorum
429 4228 547 4315 plenus
569 4253 649 4295 usus
671 4249 847 4294 concessus
870 4239 931 4290 est.
986 4225 1103 4312 ltaque
1126 4226 1182 4290 de·

85 4360 208 4421 precor,
248 4360 291 4403 ue
313 4358 389 4402 mea
410 4331 631 4402 existumfflur
654 4336 769 4426 culpa,
815 4355 886 4420 qum
910 4335 1116 4418 superiorum
1140 4346 1182 4397 st.

960 4463 981 4505 ιι
