2730 5016
468 356 724 425 raAErdtto.
986 365 1155 433 ‘xxxttt

62 534 187 639 adparet,
208 549 448 619 Goerenziom
473 552 576 618 multu
600 552 714 618 Marso
739 553 918 631 tribuisse,
963 563 1035 643 q'uoe
1054 560 1089 623 iu
1114 580 1154 625 ea

60 661 182 724 editione
208 680 280 723 nou
305 661 442 739 siut;¹)
491 659 609 724 deiude
642 661 827 726 confectum
851 676 902 742 st,
943 660 1049 726 Marsi
1072 684 1151 750 ope·
1202 661 1204 663 ’

59 788 111 830 retu
131 785 269 829 omnem
294 765 443 851 pendere
477 788 497 829 a
524 766 692 832 codicibus
726 769 899 833 deterioris
924 770 1057 854 generis
1084 791 1150 834 nou

59 874 208 958 pessumis
236 884 273 935 et
291 895 312 936 a
337 873 538 936 coniectura.
572 870 687 959 ltaque
704 887 738 937 et
761 873 789 952 l,
810 878 854 938 20
872 887 906 938 et
925 878 1009 939 teet
1030 876 1149 940 ceteris

61 978 199 1042 omuibus
226 976 328 1057 loeis,
352 978 387 1041 iu
411 976 530 1063 quibus
551 979 698 1044 codicum
723 979 858 1044 familiae
878 981 1077 1066 discrepent,
1100 981 1150 1044 in·

58 1084 246 1171 terpoiatam
277 1086 473 1170 scripturam
502 1096 536 1148 et
566 1086 763 1150 deteriorem
794 1084 914 1165 habet,
937 1100 1055 1171 prater
1076 1110 1150 1172 per·

59 1213 186 1278 paucos,
238 1193 273 1255 in
313 1189 434 1276 quibus
464 1204 521 1253 aut
550 1189 681 1256 Herteli
713 1190 850 1255 silentio
882 1213 997 1277 parum
1025 1191 1149 1258 'confidi

58 1322 141 1382 posse
166 1297 306 1361 uidetur
340 1295 431 1382 (uam
454 1299 488 1360 iu
512 1295 646 1361 silentio
681 1300 904 1363 testimonium
936 1300 1082 1383 positum
1110 1312 1152 1378 st,

59 1427 113 1470 rou
135 1408 170 1470 iu
194 1403 373 1470 meliorum
412 1403 559 1467 codicum
587 1404 750 1488 scriptura
779 1405 819 1469 ad
839 1402 957 1469 .0relli
984 1404 1150 1469 diuersam

58 1513 222 1589 adnotata)
242 1522 301 1574 aut
324 1509 513 1573 coniectura
534 1523 666 1575 uersata
697 1513 827 1589 esse.²)
897 1509 986 1590 Nee,
1027 1513 1062 1575 iu
1084 1532 1149 1598 quo

59 1631 131 1681 eote.
147 1618 263 1682 omnia
288 1614 376 1680 bono
399 1616 528 1693 codiee,
558 1617 588 1679 si
611 1615 799 1695 habuisset,
828 1637 908 1680 usus
931 1630 1039 1696 esset,
1060 1616 1151 1683 lacu·

61 1746 112 1789 uas
132 1725 337 1789 deteriorum
359 1720 526 1808 expleuit,
550 1733 586 1785 ut
606 1720 634 1801 1,
658 1725 710 1786 46.
759 1721 957 1787 Coniectura
981 1744 1088 1809 neque
1111 1746 1151 1789 ea

63 1852 211 1917 perquam
234 1830 352 1894 timida
373 1830 511 1913 adparet
531 1826 578 1906 ll,
598 1828 653 1906 ab,
675 1826 735 1906 lv,
757 1831 779 1890 (i
801 1827 943 1913 aliisque
966 1827 1061 1892 locis.

148 1936 212 2018 (De
234 1939 408 2020 scripturis
433 1908 627 2023 buibusdam
652 1933 800 1998 melioris
838 1933 973 1998 fartilia
1002 1934 1151 2001 oodiouto

62 2046 91 2107 in
124 2042 510 2122 contextumeditiouis
545 2038 719 2105 Cratandri
752 2041 900 2123 'receptis
937 2039 1012 2105 dixi
1051 2061 1151 2127 supra

60 2149 111 2232 §1
144 2148 201 2230 B).

141 2256 180 2320 P.
200 2254 378 2321 Uictorias*
393 2256 487 2338 (nam
514 2254 555 2318 de
579 2253 687 2332 Aldu,
731 2255 788 2340 qui
809 2255 898 2336 prior
918 2266 990 2334 est,
1032 2255 1152 2333 dicam,

62 2383 150 2447 quom
183 2361 228 2425 ad
259 2360 295 2425 P.
325 2359 512 2425 Munatium
544 2364 682 2440 uenero)
711 2359 902 2446 exemplum
935 2382 980 2424 ex
1003 2359 1153 2425 Romana

62 2469 199 2533 editione
233 2467 365 2530 ductum
395 2468 512 2551 exegit
535 2465 711 2552 diligenter
739 2468 859 2548 partim
885 2466 927 2530 ad
957 2487 1032 2529 eum
1064 2466 1153 2530 codi-

63 2597 143 2653 cem,
191 2594 293 2660 quem
315 2571 429 2658 paullo
451 2585 527 2637 ante
550 2573 729 2658 descripsi,
754 2573 873 2656 partim
896 2575 1007 2651 (extra
1030 2570 1151 2637 librom

64 2679 127 2745 let
152 2680 201 2761 ΙΙ)
228 2679 270 2743 ad
296 2677 380 2743 alios
401 2677 575 2743 deterioris
597 2675 733 2742 familia
755 2677 903 2751 uodioes;
932 2679 1044 2763 itaque
1068 2676 1154 2741 bauo

65 2808 139 2852 uuae
162 2789 262 2872 (post
284 2785 464 2849 deteriores
486 2782 611 2869 aliquot
640 2783 771 2848 codices
805 2783 959 2847 adcurate
992 2781 1155 2862 conlatus)

67 2893 238 2958 utilitatem
263 2887 382 2968 babet,
431 2902 486 2968 ut,
510 2891 539 2953 si
566 2892 639 2976 quio
670 2901 804 2975 propter
828 2885 982 2962 (boteri,
1026 2883 1157 2962 Dauisi,

87 3203 112 3267 ¹)
131 3200 154 3263 Ι,
172 3205 188 3252 1
212 3197 305 3253 Grius
322 3197 420 3252 Marso
440 3197 552 3263 tribuit,
570 3199 648 3272 quod
665 3195 786 3253 Dauisio
797 3194 952 3269 placuerat,
972 3212 1029 3247 ooo
1047 3193 1156 3257 idtom,

126 3291 279 3348 flertrlius
297 3297 395 3346 euotst
413 3310 470 3345 oon
488 3293 521 3346 id
537 3300 670 3356 tanetum,
688 3297 705 3345 9
724 3288 813 3344 Gaius
831 3293 945 3350 narrat,
962 3285 1090 3340 Manum
1108 3285 1157 3339 ha-

125 3387 198 3441 bere
217 3386 309 3439 decan
329 3412 364 3426 ·-
381 3385 464 3447 risit,
501 3375 648 3436 lies-telius
668 3388 761 3445 treet,
786 3372 823 3431 '26
841 3377 892 3433 ille
907 3377 1035 3432 Manum
1053 3376 1158 3432 scribit

128 3498 188 3534 uon
207 3477 316 3532 bebere
331 3475 422 3530 uerba
439 3492 537 3530 errore
556 3472 745 3546 interpositu,
780 3469 829 3526 hie
847 3483 880 3526 es
898 3469 935 3524 ad
953 3469 1047 3525 Orelli
1065 3486 1157 3524 erem-

128 3574 210 3646 piun
229 3569 392 3634 aduobsmt,
408 3568 460 3622 dre.

87 3666 219 3734 ¹)F11so
239 3668 288 3735 (ut
306 3661 343 3715 de
360 3659 390 3725 1,
428 3661 480 3727 28)
506 3665 641 3713 armatur
663 3657 792 3712 Marsum
809 3656 871 3722 111,
910 3658 944 3707 1⁶
960 3652 1093 3706 omittere
1110 3655 1159 3707 mi-

129 3777 239 3820 κιιεικς
257 3771 296 3810 rte
315 3752 370 3807 (isi
389 3752 503 3824 quidem
517 3768 624 3816 erroro,
644 3750 696 3804 sed
714 3750 807 3805 Orelli
825 3750 857 3803 in
874 3747 910 3811 V,
928 3750 963 3799 9⁵
979 3749 1098 3817 putatur
1111 3741 1160 3796 ha-

131 3849 201 3904 bere
212 3866 318 3903 sum
332 3846 503 3899 latsdsbiles.
541 3844 572 3898 Si
580 3843 713 3898 ilertelio
733 3844 811 3897 erodi
826 3847 933 3917 potest,
949 3835 987 3900 tl,
1002 3834 1160 3890 tramittit

132 3941 220 3996 uerba
239 3937 399 3995 subditicio
417 3943 446 3990 et
463 3936 501 4000 11,
518 3942 554 3989 20
571 3935 659 3989 hebet
676 3941 754 3990 reete
770 3935 846 4005 facit
864 3951 896 3986 re
915 3949 1006 4004 nepte
1023 3935 1052 3982 et
1062 3928 1161 4000 paullo

133 4041 198 4106 post
216 4035 249 4088 td
267 4040 312 4087 est
328 4032 558 4105 quasimaxime.
573 4052 579 4064 ·
595 4029 648 4092 ΙΙΙ,
665 4033 683 4081 8
704 4028 840 4098 Caepioni,
861 4024 885 4078 si
907 4024 948 4076 its
966 4030 993 4076 st
1013 4021 1163 4094 seriptum,

135 4133 246 4197 poterat
265 4125 323 4179 iam
343 4122 443 4177 narso
454 4160 463 4185 ,
498 4138 558 4174 uou
575 4120 694 4174 indocto
711 4119 840 4181 homiui,
861 4117 893 4169 iu
913 4120 1037 4169 mentem
1054 4112 1164 4165 uenire.

136 4219 268 4285 Quadi,
305 4222 342 4270 5⁰
363 4212 455 4269 Marsi
481 4210 570 4268 editio
595 4213 695 4284 (tout)
726 4211 830 4265 hebet:
869 4209 947 4282 quod
970 4207 997 4259 si
1020 4206 1071 4278 poi
1092 4202 1167 4255 sotis

138 4313 274 4366 huiusne
307 4311 368 4365 etti
397 4315 500 4363 eontra
534 4307 753 4367 contumetiam,
802 4302 833 4356 id
863 4300 920 4353 im
952 4294 1029 4370 apud
1060 4290 1168 4347 Addunt

78 4475 82 4480 '
138 4410 230 4475 (1523)
249 4411 304 4459 cst.

950 4507 968 4546 c
