2706 5018
310 362 369 429 ΕΤ
392 362 502 431 Mon.
525 365 611 431 LIB.
633 369 665 433 V
688 366 785 434 CAP.
809 371 860 433 15.
1069 376 1133 438 w

108 580 192 637 true,
224 562 272 636 si,
315 573 352 624 ut
374 562 470 624 initio
492 561 584 639 dixi,
607 562 705 626 simul
729 576 827 650 atquc
849 576 941 627 crtus
962 578 1070 644 esset,
1094 588 1130 630 se

108 687 173 751 tque
196 679 410 752 cognosceret
431 668 641 754 iudicareque
665 684 795 756 posset,
841 692 924 756 quoe
948 674 1000 734 uis
1023 684 1056 735 et
1081 684 1129 736 to·

122 784 210 834 esset
232 785 369 837 naturae
393 785 425 835 et
447 776 587 859 purtiuiu
612 775 834 861 singularum,
858 780 1013 840 continuo
1038 778 1131 841 uide·

141 877 217 961 quid
243 889 331 941 esset
353 876 434 956 hoc,
480 881 564 963 quod
588 885 794 967 quaerimus,
841 884 985 946 omniurn
1008 905 1130 962 rerum,

108 1002 119 1044 s
139 986 347 1067 expetimus,
391 1005 555 1050 sumtuum
580 1002 613 1050 et
639 988 818 1066 ultumum,
864 1009 924 1051 nec
948 987 1018 1051 ulla
1040 990 1073 1051 in
1093 1011 1129 1052 re

108 1111 170 1152 tare
196 1102 318 1175 posset.
366 1087 462 1154 Nunc
481 1114 561 1156 nero
587 1116 606 1156 u
637 1097 742 1180 prirno
774 1094 905 1178 quidem
934 1093 1130 1157 mirabiliter

108 1194 165 1259 rita
187 1207 303 1259 natura
322 1208 363 1274 st,
387 1217 447 1260 nec
471 1201 612 1284 perspici
631 1222 690 1263 nec
713 1202 867 1285 cognosci
888 1212 1007 1286 potest.
1049 1199 1130 1263 Pro·

108 1301 261 1367 lientibus
284 1292 392 1366 nutem
417 1302 580 1367 aetatibus
604 1307 724 1369 sensim
749 1307 884 1369 turdeue
904 1308 1013 1388 potius
1036 1306 1129 1389 quesi

108 1410 275 1492 metipsos
300 1410 539 1494 cognoscimus.
587 1411 702 1496 Itaque
732 1415 839 1494 prima
873 1411 933 1476 ille
965 1433 1129 1475 commen·

110 1534 140 1592 ο,
161 1536 245 1598 quae
270 1537 290 1578 e
313 1529 430 1579 natura
454 1518 558 1579 nostri
578 1517 665 1581 fuctn
687 1530 717 1582 st
736 1518 844 1597 nobis,
867 1522 992 1582 incerta
1014 1531 1047 1581 et
1071 1515 1128 1581 ob·

108 1640 134 1682 re
152 1634 199 1696 st,
230 1622 420 1706 primusque
443 1622 606 1703 adpetitus
630 1622 689 1687 ille
712 1627 813 1689 onirni
836 1639 960 1688 tanturn
985 1626 1073 1709 egit,
1094 1636 1130 1686 ut

108 1727 125 1788 ti
144 1739 241 1811 atque
269 1727 392 1811 integri
423 1748 496 1790 esse
524 1730 699 1810 possimus.
768 1729 877 1806 Quom
899 1742 1007 1793 autern
1029 1730 1130 1814 dispi-

110 1919 128 1962 1.
142 1918 215 1975 prime
228 1917 279 1974 ilie)
294 1920 341 1963 uta
352 1932 392 1975 pr.
410 1919 536 1968 brutior.
565 1922 657 1967 incerte
671 1928 695 1966 et
711 1924 782 1976 obre.)
796 1923 862 1967 odeo.
879 1928 904 1968 et
918 1925 969 1968 inc.
985 1921 1026 1968 1ιο
1059 1922 1130 1979 udpe·

114 1992 159 2047 tte)
173 1996 190 2039 t.
205 2007 260 2051 epp.
278 1994 322 2066 Li}
347 1998 447 2052 tentum)
462 2012 506 2044 orn.
521 2000 543 2044 lt
577 1999 704 2057 dispicere)
718 2002 784 2056 deep.
800 1998 842 2043 LR

113 2159 176 2231 Cep.
196 2163 264 2226 XV,
281 2160 326 2214 tl.
362 2162 471 2214 occultu
491 2167 650 2230 naturaei)
671 2165 830 2218 conitor.
875 2165 956 2218 Nune
973 2182 1039 2217 uero
1058 2164 1130 2231 quod

108 2251 200 2305 uniter
221 2254 408 2306 occultarat.
430 2260 490 2315 cet,
532 2273 582 2308 nec
600 2256 672 2321 dcc,
709 2256 829 2311 licenter
850 2266 959 2312 mututo
983 2256 1132 2325 scripturo.

118 2346 248 2414 cognosci
267 2363 300 2398 eo
319 2347 404 2399 modo
424 2345 556 2416 uegetiuc
575 2346 758 2418 udiungitur‚
778 2352 813 2402 de
835 2369 889 2420 quc
909 2349 966 2403 diri
983 2350 1018 2402 ud
1038 2354 1067 2412 1,
1085 2346 1130 2400 di).

108 2436 141 2491 iio
160 2445 223 2507 port
237 2438 329 2506 primo
354 2438 406 2490 itta
424 2457 457 2491 ex
484 2456 539 2492 uno
560 2440 619 2491 Eri.
640 2438 729 2506 posui.
784 2441 893 2493 Deinde
913 2443 1019 2493 incerto
1039 2447 1065 2492 et
1083 2440 1132 2491 od·

108 2530 217 2583 uetiam
233 2530 287 2583 (izi
305 2529 422 2594 codices,
442 2532 529 2594 Crat..
549 2528 633 2595 Uict,
644 2533 714 2583 Duri.
735 2530 833 2597 incito,
853 2532 958 2596 Gziur3
975 2533 1050 2584 niter
1062 2531 1131 2583 ordo

108 2620 135 2675 d.
152 2640 196 2691 pr.
207 2623 241 2674 ud
262 2624 339 2676 Man.
349 2628 377 2675 et
395 2629 686 2691 cetcrnspropugutue
709 2626 779 2673 erut.
810 2623 899 2674 Recte
918 2622 973 2676 ium
985 2624 1062 2679 Cret.
1081 2639 1131 2672 no-

108 2711 241 2780 prioribus
256 2711 438 2774 adiunxernt3
465 2711 642 2782 significetur
658 2711 751 2764 enim:
772 2729 827 2781 quo
841 2731 891 2766 not
905 2715 1044 2767 nobismet
1065 2712 1133 2782 ipris

108 2803 227 2857 meudeti
241 2822 355 2869 sumur3
379 2805 524 2875 plerique:
541 2805 625 2867 suctu
640 2811 676 2868 et,
694 2803 779 2856 nodie.

110 2902 215 2949 tentrnn
233 2898 309 2965 agit)
331 2898 385 2950 iroc
404 2900 462 2960 ert,
482 2895 553 2947 nihii
575 2895 637 2964 pius
659 2913 710 2947 noc
730 2895 820 2947 mnino
838 2896 988 2965 quicquum
1008 2900 1132 2964 oportet:

108 2990 178 3041 nodo
189 2991 350 3059 turpissume
367 2989 423 3042 dici
442 2994 557 3049 tontum,
577 2993 607 3039 ut
627 3004 681 3039 uon
702 2987 835 3056 erigendi,
854 2987 900 3038 sed
920 2986 989 3038 certi
1009 2987 1084 3039 modi
1106 2995 1135 3040 et

124 3081 360 3151 significationem
382 3081 506 3144 hubent,
526 3087 622 3135 uotum
641 3082 683 3143 ri,
712 3080 927 3148 expositumque
946 3078 1014 3131 oiim
1034 3096 1052 3133 u
1068 3081 1132 3133 ute·

108 3176 173 3227 end
194 3174 274 3245 epist.
294 3174 329 3227 nd
351 3174 431 3226 Foru.
452 3179 481 3234 1,
500 3172 535 3235 7,
564 3188 654 3240 nuper
675 3186 692 3223 u
711 3169 853 3224 Beneclrio
873 3171 908 3222 ud
929 3176 1001 3222 orat·
1021 3171 1056 3222 de
1075 3170 1133 3240 inp.

107 3283 143 3335 tp.
159 3268 174 3335 i
193 3268 237 3319 lt.
279 3262 349 3329 titis,
366 3263 414 3333 quui
436 3262 524 3316 noeiri
543 3260 679 3316 sermonis
700 3280 779 3314 inore
797 3263 946 3326 fodiuntur,
966 3261 1134 3316 uducrbium

108 3375 146 3410 ιι
163 3357 308 3412 minuendi
326 3356 471 3409 curreuuud
492 3353 762 3408 demonstrationem
782 3360 825 3407 rei
844 3353 1002 3408 addendum
1022 3353 1136 3408 uidetur

108 3465 139 3515 tt,
155 3458 187 3504 ut
200 3452 255 3504 hoc
275 3451 337 3502 ioco
356 3447 471 3501 Duuirio
483 3454 511 3500 et
527 3445 642 3500 Bromio
660 3446 839 3500 scribendum
854 3445 944 3498 uisurn
965 3452 1007 3498 et:
1028 3452 1135 3499 tanturn

108 3542 168 3609 pte,
206 3542 279 3612 qnod
297 3556 432 3611 nusquam
452 3556 499 3591 eor
526 3538 629 3608 legisse
654 3537 779 3592 arbitror
809 3538 873 3602 (etti
893 3537 1007 3591 memini
1029 3544 1135 3590 tanturn

108 3632 237 3698 torreor,
256 3633 315 3686 uiiu
333 3633 432 3702 punito
451 3628 622 3696 sententie);
642 3647 741 3684 uerum
760 3631 858 3683 ecdem
878 3632 961 3684 modo
980 3631 993 3698 ᾗ
1011 3629 1047 3683 90
1065 3628 1135 3682 diei-

114 3729 214 3779 tnturn
234 3727 340 3791 refert,
358 3742 413 3777 non
434 3728 540 3774 tantum
560 3723 588 3773 id
606 3724 711 3786 refert,
747 3740 782 3775 uc
800 3725 920 3793 uulgare
937 3723 1008 3775 iiind
1030 3729 1136 3774 tontum

108 3830 238 3888 ’potum
293 3816 352 3869 Nec
379 3813 537 3868 necessario
563 3811 629 3865 huic
657 3815 745 3866 uerbo
772 3832 829 3883 ogo
856 3815 911 3867 huc
929 3810 1137 3881 significatione

108 3923 198 3963 umen
218 3907 311 3979 ipsum
331 3908 412 3971 eddi,
431 3906 569 3968 ostendit,
589 3906 662 3973 quod
682 3905 768 3957 dead.
788 3905 864 3967 ii‚7
883 3904 1034 3956 scribitur:
1051 3920 1137 3977 nepus

108 4003 148 4055 it·
160 4002 363 4071 disputationes
381 4000 525 4073 quicquum
543 3997 621 4048 uliud
640 4002 730 4064 agunt
745 3996 801 4046 uiri
816 4002 847 4047 ut
862 3994 916 4048 dre.
952 3996 1035 4063 Quod
1053 3996 1136 4049 Oroi-

108 4097 181 4165 [uoit
199 4093 264 4162 ogit
282 4110 343 4147 erec
360 4092 476 4154 incitat,
513 4105 604 4157 neque
625 4086 802 4141 cucurutium
821 4086 903 4141 omtti
922 4088 1051 4158 poteret,
1087 4103 1138 4140 noo

108 4188 150 4241 tur
168 4185 291 4240 unitatur
310 4201 356 4237 ree
371 4200 413 4237 rne
432 4180 506 4249 ugit,
524 4187 555 4237 td
572 4179 689 4243 sociam.

118 4276 201 4343 Quom
220 4283 312 4330 autern
331 4276 468 4343 dispicere
487 4268 639 4341 coepimus)
657 4269 704 4325 Sic
722 4267 869 4324 Ernestiue
886 4280 932 4335 et,
964 4267 1034 4322 Guio
1053 4283 1139 4337 repu-

108 4376 164 4438 ιῑι,
181 4369 309 4425 omniur
328 4385 344 4420 e
362 4364 506 4420 codicibus
525 4363 619 4435 regiis,
640 4381 711 4435 quor
726 4363 926 4417 Leiicumndue
944 4374 1139 4414 conmemore-

907 4470 943 4521 tt
