2706 5018
343 388 402 455 ΕΤ
422 388 536 462 Man.
559 387 643 453 Ltn.
665 389 697 453 V
720 387 816 452 CAP.
839 391 888 450 ll.
1098 392 1161 454 673

110 589 180 651 imru
209 600 257 665 at,
302 588 408 649 maior
426 584 537 670 aliqua
561 604 678 646 caussa
701 596 798 668 atque
819 583 962 646 diuinior
985 583 1068 646 bano
1093 587 1159 646 uirn

108 695 238 779 rgennst,
280 692 354 754 aine
382 690 444 754 hoc
464 693 511 753 ita
535 687 573 751 fit
596 689 751 766 fortuito,
799 689 1030 767 ardennam,
1078 711 1161 773 qnae

108 818 162 862 erra
182 800 305 884 giguit,
326 795 502 860 corticibus
526 806 559 857 et
581 793 746 857 radicibus
769 793 880 857 ualida
904 797 1049 871 seruari,
1075 796 1162 879 quod

108 900 229 989 obtingit
258 901 456 966 animalibus
486 921 642 964 sensuum
682 898 913 962 distributione
952 912 986 962 et
1021 900 1162 984 quadarn

108 1010 283 1094 onpactione
306 1007 539 1072 membrorum.
589 1004 665 1080 Qua
690 1006 821 1089 quidem
846 1006 886 1067 dc
909 1026 943 1067 re
967 1025 1163 1088 qnamqnanr

108 1111 240 1177 rdaentior
260 1116 322 1191 iia,
354 1116 408 1199 qni
433 1111 515 1176 haec
540 1113 651 1173 ornnia
673 1112 743 1195 regi
771 1124 887 1173 natura
911 1121 1047 1194 putant,
1069 1132 1163 1193 qnae,

134 1304 209 1361 doctr
224 1266 290 1351 lica
332 1303 438 1381 fortuito)
450 1307 563 1361 fortuitu
579 1304 662 1350 Ebot.
705 1303 819 1357 uidemus)
834 1305 1066 1348 uiduamueomnca.
1108 1316 1165 1359 qua·

108 1380 226 1434 anio-,Ia
804 1386 810 1401 '

108 1558 133 1612 iii
147 1558 395 1633 interrogationum
414 1567 557 1615 notarunt.
592 1561 707 1614 Leniter
727 1561 801 1615 enirn
824 1563 923 1615 Cicero
939 1564 1020 1633 quari
1036 1561 1165 1618 mirando

108 1653 252 1725 trorrigit3
289 1660 375 1724 atquo
394 1662 511 1723 propter
531 1651 696 1723 negatinum
715 1655 796 1708 iiiam
818 1652 1072 1722 significationem,
1107 1673 1167 1724 qua

108 1744 278 1800 {huiuamodi
297 1744 521 1815 interrogatione
540 1754 568 1798 et
596 1745 623 1798 in
644 1745 736 1798 ironia
761 1745 850 1809 ineat,
887 1751 963 1797 recta
989 1746 1056 1814 poni
1074 1750 1168 1816 potent

108 1840 133 1885 ut
147 1838 260 1900 omnino,
280 1838 516 1907 quemadmodum
536 1843 583 1900 11,
603 1838 638 1891 55
657 1845 684 1891 et
703 1843 715 1889 1
736 1837 824 1906 Legg.
844 1835 889 1901 db',
904 1853 974 1905 quoa
992 1837 1070 1889 iocos
1087 1839 1169 1890 Han·

108 1921 143 1981 bu
156 1930 280 1983 Turseli.
302 1931 315 1982 1
335 1949 363 1998 p.
381 1927 435 1982 539
453 1927 600 1982 cum'aliia
626 1946 680 1981 non
700 1924 839 1981 airrriiibua
856 1926 1001 1980 coniunxit
1019 1928 1054 1979 ud
1072 1927 1169 1998 ningu-

108 2020 412 2092 tremaigniiicationcm
431 2037 531 2090 purum
552 2028 628 2074 recto
643 2020 888 2083 constituendam
906 2017 1057 2089 quidecim
1076 2019 1169 2074 eimiia

108 2110 166 2164 abet
184 2112 256 2165 iilud
276 2113 374 2165 azboc
392 2130 479 2182 opere
497 2114 545 2176 lv,
566 2112 614 2165 15:
635 2113 756 2164 omnibus
774 2117 824 2163 ortt
842 2111 1094 2180 (ainonomnibua,
1113 2115 1171 2166 ral-

108 2207 151 2268 tn)
165 2205 355 2256 mnarrmr'eaut
366 2203 447 2268 iilud,
460 2221 515 2274 qno
525 2203 548 2256 ie
559 2202 716 2269 utitur‚ant
732 2203 851 2272 potina?
868 2205 909 2256 Do
918 2204 1007 2274 [regg.
1029 2205 1050 2268 i,
1069 2204 1104 2256 dii
1115 2222 1170 2258 non

108 2290 378 2365 nrriffltnnupmim,
398 2295 457 2358 aed,
477 2296 549 2363 quod
560 2295 690 2365 negando
701 2293 808 2349 dictum
824 2302 895 2359 arat,
914 2295 1071 2366 explicabit
1085 2297 1172 2349 udiir-

108 2386 317 2456 modernaque,
336 2393 366 2440 ut
384 2385 453 2440 oiiru
471 2385 562 2451 docui,
582 2387 741 2440 nccerrario
759 2388 938 2440 scribendum
950 2393 976 2441 at
990 2394 1081 2462 utque.
1107 2390 1174 2442 Hoc

108 2480 247 2534 turniaco
269 2477 438 2548 particulam
458 2484 515 2530 trae
535 2479 590 2532 Gai
608 2477 717 2532 codices
733 2478 867 2532 omittunt
888 2482 978 2547 (puto,
1000 2480 1071 2544 Eri,
1090 2480 1174 2549 Spin,

108 2562 160 2621 int.
176 2568 225 2635 2),
263 2580 295 2623 ut
324 2569 411 2639 possit
436 2569 539 2638 aliquia
566 2572 664 2639 ingere
690 2577 716 2621 ct
742 2571 847 2622 omnino
866 2576 895 2621 et
912 2566 1097 2637 domnamaria
1115 2570 1174 2623 baec

108 2654 161 2712 litia
177 2668 295 2731 putam
320 2678 418 2713 uterum
437 2668 498 2713 turn
519 2659 618 2713 Cicero
638 2660 684 2712 uix
699 2660 754 2711 bac
773 2659 866 2712 forma
885 2676 949 2712 naua
969 2667 1057 2713 creet:
1095 2679 1174 2734 quom

108 2748 207 2805 atram
226 2753 290 2818 dvo,
309 2754 356 2805 aed
376 2753 447 2805 hac:
468 2750 557 2819 qnid?
576 2752 704 2803 orborum
721 2766 809 2802 nonno
829 2749 882 2804 &a
905 2756 957 2802 unt
972 2750 1043 2803 haer
1063 2753 1112 2802 aod
1126 2769 1175 2802 cr·

108 2852 176 2895 ttntae
193 2843 245 2898 dcc.
288 2846 354 2898 Mox
376 2845 445 2896 enirn
464 2852 527 2913 post
546 2843 604 2896 cirre
622 2845 693 2897 Dau.
715 2839 824 2896 addidit
841 2858 874 2895 ex
892 2842 937 2895 ΕΙ.
958 2841 1071 2908 uodire3
1109 2861 1175 2896 con·

108 2923 198 2989 itanu
218 2936 304 2990 ctiam
325 2933 400 3006 Spin.
423 2944 452 2990 et
469 2937 543 2989 Mor.

154 3027 191 3091 nt
204 3028 342 3095 fortuito)
357 3028 482 3094 fortuitu
503 3025 591 3080 Gziua
610 3023 696 3077 ctiam
716 3041 732 3076 o
750 3022 890 3093 Spirenai;
908 3025 955 3075 eod
976 3031 1052 3077 recto
1070 3025 1104 3076 de
1122 3025 1178 3078 hnc

108 3124 159 3167 atra
175 3119 304 3173 Handiur
329 3116 482 3189 diapntanit
508 3106 635 3171 Tnireli.
653 3121 680 3168 11
701 3136 728 3186 p.
748 3115 817 3181 743,
853 3113 932 3169 cuiun
951 3115 1085 3169 iudicium
1105 3117 1178 3170 anti-

108 3206 219 3271 nonani
233 3212 343 3266 codicca
356 3213 534 3275 confirmant,
548 3211 645 3280 regina
655 3209 885 3263 Tusculanarum
898 3209 933 3272 (Ι,
949 3207 1007 3271 99),
1023 3208 1178 3261 Uaticanur

108 3286 328 3371 Philippicarum,
347 3302 481 3354 mciioroa
501 3301 641 3354 librorum
661 3301 696 3352 de
711 3299 822 3353 officiis.
873 3300 1057 3370 Erlangenaia
1076 3300 1180 3354 codicia

108 3377 197 3445 Mirm
214 3412 269 3448 non
289 3392 460 3462 antiquitate
479 3410 530 3446 nco
550 3401 629 3445 ret-ta
649 3391 677 3444 in
696 3391 856 3444 huiuamodi
875 3392 960 3444 rcbua
979 3392 1180 3445 consuetudine

108 3488 224 3539 munna
261 3487 352 3539 Nemo
374 3485 505 3553 gratuitu
523 3483 611 3536 iinait.
657 3483 702 3535 Fit
720 3483 843 3546 bbinua‚
879 3483 1019 3536 Gruterus
1037 3499 1052 3534 c
1071 3483 1133 3536 Pui.
1153 3491 1180 3550 t,

108 3576 277 3642 nuntiam
297 3578 440 3630 titatium
460 3575 513 3629 Gai
525 3582 676 3645 quattuor3
697 3575 765 3640 (uid.
785 3575 819 3627 ud
835 3575 882 3637 IV,
902 3573 957 3640 80).
996 3576 1072 3628 Tum
1091 3575 1120 3628 in
1133 3593 1181 3628 co·

109 3650 315 3738 duaretntypo
330 3669 384 3723 tuit
403 3670 544 3721 uideantur
562 3666 630 3730 (uid.
651 3668 685 3719 ad
707 3667 753 3730 tv,
771 3664 839 3732 26);
858 3673 1041 3719 cor-rorarunt
1059 3667 1182 3729 Marone,

109 3740 209 3824 ιῑὶυω,
228 3768 290 3814 tnm
310 3760 415 3823 Gairu,
440 3760 506 3812 Bar.
527 3765 555 3811 ct
574 3759 647 3811 Gud.
668 3759 684 3810 l
702 3757 866 3813 auctoribus
885 3763 982 3821 utana,
1003 3758 1087 3809 modo
1106 3765 1183 3809 recte

109 3836 208 3917 'fieriu
225 3853 275 3905 aed
295 3851 465 3905 arrctoritate
485 3850 525 3903 nii
545 3868 617 3920 opua
644 3857 694 3903 eat.

163 3950 260 3996 nutura
279 3945 343 4012 regi
358 3949 471 4012 putant)
491 3949 537 4004 et,
555 3948 587 3995 ut
605 3943 631 3993 11
651 3940 686 3991 de
704 3939 792 3992 N.'1i.
813 3938 849 3991 7⁵
868 3937 924 4001 uit,
950 3937 1037 3989 omnia
1055 3953 1099 3990 raa
1118 3938 1182 3991 aab·

108 4014 180 4085 istite
196 4053 254 4089 aare
270 4042 379 4088 nutura
397 4034 526 4087 aerrtr'entr'
541 4034 575 4084 ab
594 4048 679 4106 caque
699 4029 788 4081 omniu
806 4029 999 4096 pulcherruma
1017 4028 1089 4098 geri.
1126 4036 1184 4084 lta·

108 4120 154 4175 W·
171 4125 228 4181 bac
245 4128 345 4180 endem
363 4135 400 4193 at,
417 4144 501 4198 qnam
522 4125 619 4194 pordic
638 4129 704 4176 ante
720 4121 850 4173 rnoiorern
868 4138 996 4173 cauatam
1013 4127 1095 4194 atquc
1113 4122 1186 4172 diui-

108 4200 197 4271 ’ἤθη
212 4217 386 4291 appelianit,
426 4215 614 4288 prouidentia.
652 4215 719 4267 Mox
738 4230 789 4281 pro
806 4214 914 4280 partiat
929 4213 1018 4283 (qnod
1038 4211 1129 4282 Gziua
1146 4209 1187 4262 ait

108 4288 137 4343 ἡ
153 4302 290 4380 '‘optum'u
308 4309 386 4365 tuia’'
407 4311 581 4373 confirmari,
599 4310 646 4362 red
666 4304 850 4377 redarguitur
869 4307 896 4359 in
918 4308 992 4369 Eri.)
1013 4301 1097 4357 ctiam
1116 4299 1188 4369 Εὲψ,

955 4414 991 4466 dd
