<?xml version="1.0" encoding="UTF-8"?>
<!DOCTYPE html PUBLIC "-//W3C//DTD XHTML 1.0 Transitional//EN"
    "http://www.w3.org/TR/xhtml1/DTD/xhtml1-transitional.dtd">
<html xmlns="http://www.w3.org/1999/xhtml" xml:lang="en" lang="en">
 <head>
  <title>
</title>
<meta http-equiv="Content-Type" content="text/html;charset=utf-8" />
  <meta name='ocr-system' content='tesseract 3.04.00' />
  <meta name='ocr-capabilities' content='ocr_page ocr_carea ocr_par ocr_line ocrx_word'/>
</head>
<body>
  <div class='ocr_page' id='page_1' title='image "./mtulliciceronis00madvgoog_0712.png"; bbox 0 0 2706 5018; ppageno 0'>
   <div class='ocr_carea' id='block_1_1' title="bbox 125 358 865 434">
    <p class='ocr_par' dir='ltr' id='par_1_1' title="bbox 125 358 865 434">
     <span class='ocr_line' id='line_1_1' title="bbox 125 358 865 434; baseline -0.014 0"><span class='ocrx_word' id='word_1_1' title='bbox 125 373 189 434; x_wconf 76' lang='grc'><strong>632</strong></span> <span class='ocrx_word' id='word_1_2' title='bbox 477 364 539 429; x_wconf 87' lang='lat' dir='ltr'><strong>DE</strong></span> <span class='ocrx_word' id='word_1_3' title='bbox 560 360 740 431; x_wconf 77' lang='lat' dir='ltr'>FINIBUS</span> <span class='ocrx_word' id='word_1_4' title='bbox 761 358 865 426; x_wconf 74' lang='lat' dir='ltr'><strong>Bon.</strong></span> 
     </span>
    </p>
   </div>
   <div class='ocr_carea' id='block_1_2' title="bbox 131 550 1235 1277">
    <p class='ocr_par' dir='ltr' id='par_1_2' title="bbox 131 550 1235 1277">
     <span class='ocr_line' id='line_1_2' title="bbox 131 550 1235 640; baseline -0.01 -17"><span class='ocrx_word' id='word_1_5' title='bbox 131 577 193 623; x_wconf 89' lang='lat' dir='ltr'><strong>tur.</strong></span> <span class='ocrx_word' id='word_1_6' title='bbox 258 557 355 634; x_wconf 78' lang='lat' dir='ltr'><strong>Quod</strong></span> <span class='ocrx_word' id='word_1_7' title='bbox 382 561 409 619; x_wconf 88' lang='lat' dir='ltr'><strong>si</strong></span> <span class='ocrx_word' id='word_1_8' title='bbox 442 560 489 623; x_wconf 83' lang='lat' dir='ltr'><strong>itu</strong></span> <span class='ocrx_word' id='word_1_9' title='bbox 511 581 546 622; x_wconf 87' lang='lat' dir='ltr'><strong>se</strong></span> <span class='ocrx_word' id='word_1_10' title='bbox 569 557 709 634; x_wconf 83' lang='lat' dir='ltr'><strong>hubent,</strong></span> <span class='ocrx_word' id='word_1_11' title='bbox 748 577 813 619; x_wconf 91' lang='lat' dir='ltr'><strong>non</strong></span> <span class='ocrx_word' id='word_1_12' title='bbox 836 557 939 640; x_wconf 86' lang='lat' dir='ltr'><strong>possit</strong></span> <span class='ocrx_word' id='word_1_13' title='bbox 961 550 1161 617; x_wconf 80' lang='lat' dir='ltr'><strong>bestamoitm</strong></span> <span class='ocrx_word' id='word_1_14' title='bbox 1230 580 1235 587; x_wconf 95' lang='lat'>·</span> 
     </span>
     <span class='ocr_line' id='line_1_3' title="bbox 132 658 1235 752; baseline -0.011 -23"><span class='ocrx_word' id='word_1_15' title='bbox 132 677 299 752; x_wconf 82' lang='lat' dir='ltr'><strong>praestare</strong></span> <span class='ocrx_word' id='word_1_16' title='bbox 323 666 496 749; x_wconf 76' lang='lat' dir='ltr'><strong>sapientia.</strong></span> <span class='ocrx_word' id='word_1_17' title='bbox 544 663 635 728; x_wconf 79' lang='lat' dir='ltr'><strong>llaec</strong></span> <span class='ocrx_word' id='word_1_18' title='bbox 654 661 734 725; x_wconf 91' lang='lat' dir='ltr'><strong>mihi</strong></span> <span class='ocrx_word' id='word_1_19' title='bbox 758 661 887 725; x_wconf 88' lang='lat' dir='ltr'><strong>uidetur</strong></span> <span class='ocrx_word' id='word_1_20' title='bbox 915 658 1082 736; x_wconf 76' lang='lat' dir='ltr'>delicatior,</span> <span class='ocrx_word' id='word_1_21' title='bbox 1099 660 1167 719; x_wconf 90' lang='lat' dir='ltr'><strong>utits</strong></span> <span class='ocrx_word' id='word_1_22' title='bbox 1233 686 1235 705; x_wconf 91' lang='lat'>=</span> 
     </span>
     <span class='ocr_line' id='line_1_4' title="bbox 134 765 1170 854; baseline -0.011 -20"><span class='ocrx_word' id='word_1_23' title='bbox 134 773 260 849; x_wconf 87' lang='lat' dir='ltr'><strong>dicum,</strong></span> <span class='ocrx_word' id='word_1_24' title='bbox 310 768 505 854; x_wconf 85' lang='lat' dir='ltr'><strong>molliorque</strong></span> <span class='ocrx_word' id='word_1_25' title='bbox 536 772 620 833; x_wconf 81' lang='lat' dir='ltr'><strong>ratio</strong></span> <span class='ocrx_word' id='word_1_26' title='bbox 653 791 750 854; x_wconf 86' lang='lat' dir='ltr'><strong>quum</strong></span> <span class='ocrx_word' id='word_1_27' title='bbox 781 769 914 831; x_wconf 83' lang='lat' dir='ltr'><strong>uirtutis</strong></span> <span class='ocrx_word' id='word_1_28' title='bbox 940 768 990 829; x_wconf 86' lang='lat' dir='ltr'><strong>uis</strong></span> <span class='ocrx_word' id='word_1_29' title='bbox 1013 765 1170 850; x_wconf 74' lang='lat' dir='ltr'><strong>grauitasque</strong></span> 
     </span>
     <span class='ocr_line' id='line_1_5' title="bbox 135 866 1174 962; baseline -0.01 -23"><span class='ocrx_word' id='word_1_30' title='bbox 135 874 291 962; x_wconf 82' lang='lat' dir='ltr'><strong>postulat.</strong></span> <span class='ocrx_word' id='word_1_31' title='bbox 363 874 475 950; x_wconf 71' lang='lat' dir='ltr'><strong>Quoue</strong></span> <span class='ocrx_word' id='word_1_32' title='bbox 504 889 673 938; x_wconf 76' lang='lat' dir='ltr'><strong>teneamus</strong></span> <span class='ocrx_word' id='word_1_33' title='bbox 705 871 920 936; x_wconf 77' lang='lat' dir='ltr'><strong>Aristotelem</strong></span> <span class='ocrx_word' id='word_1_34' title='bbox 953 884 985 934; x_wconf 89' lang='lat' dir='ltr'><strong>et</strong></span> <span class='ocrx_word' id='word_1_35' title='bbox 1016 873 1080 933; x_wconf 87' lang='lat' dir='ltr'><strong>eius</strong></span> <span class='ocrx_word' id='word_1_36' title='bbox 1106 866 1174 930; x_wconf 83' lang='lat' dir='ltr'><strong>filiis</strong></span> 
     </span>
     <span class='ocr_line' id='line_1_6' title="bbox 136 972 1176 1064; baseline -0.012 -18"><span class='ocrx_word' id='word_1_37' title='bbox 136 979 388 1055; x_wconf 66' lang='lat' dir='ltr'><strong>Nicomachum</strong></span> <span class='ocrx_word' id='word_1_38' title='bbox 424 983 517 1043; x_wconf 85' lang='lat' dir='ltr'><strong>cuius</strong></span> <span class='ocrx_word' id='word_1_39' title='bbox 537 981 690 1044; x_wconf 77' lang='lat' dir='ltr'><strong>adcurate</strong></span> <span class='ocrx_word' id='word_1_40' title='bbox 713 980 824 1064; x_wconf 84' lang='lat' dir='ltr'><strong>scripti</strong></span> <span class='ocrx_word' id='word_1_41' title='bbox 848 980 887 1042; x_wconf 89' lang='lat' dir='ltr'><strong>de</strong></span> <span class='ocrx_word' id='word_1_42' title='bbox 914 975 1056 1041; x_wconf 90' lang='lat' dir='ltr'><strong>moribus</strong></span> <span class='ocrx_word' id='word_1_43' title='bbox 1074 972 1176 1038; x_wconf 80' lang='lat' dir='ltr'><strong>librili</strong></span> 
     </span>
     <span class='ocr_line' id='line_1_7' title="bbox 139 1082 1177 1171; baseline -0.01 -20"><span class='ocrx_word' id='word_1_44' title='bbox 139 1102 255 1151; x_wconf 90' lang='lat' dir='ltr'><strong>cuntur</strong></span> <span class='ocrx_word' id='word_1_45' title='bbox 277 1085 326 1149; x_wconf 89' lang='lat' dir='ltr'><strong>illi</strong></span> <span class='ocrx_word' id='word_1_46' title='bbox 352 1085 483 1171; x_wconf 90' lang='lat' dir='ltr'><strong>quidem</strong></span> <span class='ocrx_word' id='word_1_47' title='bbox 509 1107 582 1149; x_wconf 85' lang='lat' dir='ltr'><strong>esse</strong></span> <span class='ocrx_word' id='word_1_48' title='bbox 604 1082 800 1162; x_wconf 76' lang='lat' dir='ltr'><strong>Aristoteli,</strong></span> <span class='ocrx_word' id='word_1_49' title='bbox 845 1084 904 1147; x_wconf 86' lang='lat' dir='ltr'><strong>sed</strong></span> <span class='ocrx_word' id='word_1_50' title='bbox 931 1103 997 1148; x_wconf 91' lang='lat' dir='ltr'><strong>non</strong></span> <span class='ocrx_word' id='word_1_51' title='bbox 1026 1082 1127 1157; x_wconf 86' lang='lat' dir='ltr'><strong>uideo,</strong></span> <span class='ocrx_word' id='word_1_52' title='bbox 1145 1098 1177 1141; x_wconf 78' lang='lat' dir='ltr'><strong>ru</strong></span> 
     </span>
     <span class='ocr_line' id='line_1_8' title="bbox 140 1186 1180 1277; baseline -0.011 -20"><span class='ocrx_word' id='word_1_53' title='bbox 140 1215 205 1257; x_wconf 92' lang='lat' dir='ltr'><strong>non</strong></span> <span class='ocrx_word' id='word_1_54' title='bbox 230 1196 373 1277; x_wconf 87' lang='lat' dir='ltr'><strong>potuerit</strong></span> <span class='ocrx_word' id='word_1_55' title='bbox 399 1195 480 1277; x_wconf 85' lang='lat' dir='ltr'><strong>putri</strong></span> <span class='ocrx_word' id='word_1_56' title='bbox 507 1191 625 1256; x_wconf 87' lang='lat' dir='ltr'><strong>similis</strong></span> <span class='ocrx_word' id='word_1_57' title='bbox 651 1212 723 1255; x_wconf 85' lang='lat' dir='ltr'><strong>esse</strong></span> <span class='ocrx_word' id='word_1_58' title='bbox 750 1187 852 1253; x_wconf 86' lang='lat' dir='ltr'><strong>lilius.</strong></span> <span class='ocrx_word' id='word_1_59' title='bbox 894 1186 1139 1269; x_wconf 75' lang='lat' dir='ltr'><strong>Theophrastum</strong></span> <span class='ocrx_word' id='word_1_60' title='bbox 1153 1196 1180 1247; x_wconf 90' lang='lat' dir='ltr'><strong>ts·</strong></span> 
     </span>
    </p>
   </div>
   <div class='ocr_carea' id='block_1_3' title="bbox 195 1368 1093 1430">
    <p class='ocr_par' dir='ltr' id='par_1_3' title="bbox 195 1368 1093 1430">
     <span class='ocr_line' id='line_1_9' title="bbox 195 1368 1093 1430; baseline -0.003 -14"><span class='ocrx_word' id='word_1_61' title='bbox 195 1374 266 1418; x_wconf 84' lang='lat' dir='ltr'><strong>nitsm</strong></span> <span class='ocrx_word' id='word_1_62' title='bbox 282 1376 403 1430; x_wconf 79' lang='lat' dir='ltr'><strong>prestare)</strong></span> <span class='ocrx_word' id='word_1_63' title='bbox 416 1387 453 1429; x_wconf 84' lang='lat' dir='ltr'><strong>pr.</strong></span> <span class='ocrx_word' id='word_1_64' title='bbox 468 1387 492 1417; x_wconf 84' lang='lat' dir='ltr'><strong>o.</strong></span> <span class='ocrx_word' id='word_1_65' title='bbox 509 1373 634 1421; x_wconf 75' lang='lat' dir='ltr'><strong>Ll&#39;cllor.</strong></span> <span class='ocrx_word' id='word_1_66' title='bbox 663 1372 794 1424; x_wconf 77' lang='lat' dir='ltr'><strong>nrtstotett)</strong></span> <span class='ocrx_word' id='word_1_67' title='bbox 810 1370 955 1416; x_wconf 80' lang='lat' dir='ltr'><strong>Aristotelis</strong></span> <span class='ocrx_word' id='word_1_68' title='bbox 972 1368 1093 1415; x_wconf 64' lang='lat' dir='ltr'><strong>nocitor.</strong></span> 
     </span>
    </p>
   </div>
   <div class='ocr_carea' id='block_1_4' title="bbox 63 1518 1235 4445">
    <p class='ocr_par' dir='ltr' id='par_1_4' title="bbox 140 1518 1185 1674">
     <span class='ocr_line' id='line_1_10' title="bbox 140 1518 1185 1596; baseline -0.006 -15"><span class='ocrx_word' id='word_1_69' title='bbox 140 1527 228 1581; x_wconf 86' lang='lat' dir='ltr'><strong>tioolri</strong></span> <span class='ocrx_word' id='word_1_70' title='bbox 255 1527 421 1582; x_wconf 81' lang='lat' dir='ltr'><strong>testimoniis</strong></span> <span class='ocrx_word' id='word_1_71' title='bbox 448 1527 581 1583; x_wconf 73' lang='lat' dir='ltr'><strong>defendit.</strong></span> <span class='ocrx_word' id='word_1_72' title='bbox 640 1528 732 1582; x_wconf 82' lang='lat' dir='ltr'><strong>Uitam</strong></span> <span class='ocrx_word' id='word_1_73' title='bbox 753 1534 893 1596; x_wconf 77' lang='lat' dir='ltr'><strong>prestare</strong></span> <span class='ocrx_word' id='word_1_74' title='bbox 914 1526 973 1581; x_wconf 82' lang='lat' dir='ltr'><strong>ism</strong></span> <span class='ocrx_word' id='word_1_75' title='bbox 991 1524 1108 1588; x_wconf 76' lang='lat' dir='ltr'><strong>Lirinus,</strong></span> <span class='ocrx_word' id='word_1_76' title='bbox 1133 1518 1185 1575; x_wconf 74' lang='lat' dir='ltr'><strong>uitii</strong></span> 
     </span>
     <span class='ocr_line' id='line_1_11' title="bbox 144 1621 265 1674; baseline 0 -1"><span class='ocrx_word' id='word_1_77' title='bbox 144 1621 265 1674; x_wconf 85' lang='lat' dir='ltr'><strong>inuerse.</strong></span> 
     </span>
    </p>

    <p class='ocr_par' dir='ltr' id='par_1_5' title="bbox 144 1702 1189 1965">
     <span class='ocr_line' id='line_1_12' title="bbox 212 1702 1188 1782; baseline -0.008 -18"><span class='ocrx_word' id='word_1_78' title='bbox 212 1711 304 1776; x_wconf 79' lang='lat' dir='ltr'><strong>Quare</strong></span> <span class='ocrx_word' id='word_1_79' title='bbox 327 1717 465 1765; x_wconf 81' lang='lat' dir='ltr'><strong>teneamus</strong></span> <span class='ocrx_word' id='word_1_80' title='bbox 487 1712 661 1767; x_wconf 82' lang='lat' dir='ltr'><strong>Aristotelem</strong></span> <span class='ocrx_word' id='word_1_81' title='bbox 679 1712 747 1778; x_wconf 58' lang='grc' dir='ltr'><strong>ὥς.)</strong></span> <span class='ocrx_word' id='word_1_82' title='bbox 782 1712 858 1768; x_wconf 82' lang='lat' dir='ltr'><strong>Miro</strong></span> <span class='ocrx_word' id='word_1_83' title='bbox 876 1712 969 1782; x_wconf 86' lang='lat' dir='ltr'><strong>ipsum</strong></span> <span class='ocrx_word' id='word_1_84' title='bbox 997 1702 1188 1762; x_wconf 77' lang='lat' dir='ltr'><strong>ciceroneslst</strong></span> 
     </span>
     <span class='ocr_line' id='line_1_13' title="bbox 144 1795 1189 1874; baseline -0.006 -19"><span class='ocrx_word' id='word_1_85' title='bbox 144 1803 240 1873; x_wconf 90' lang='lat' dir='ltr'><strong>opinio</strong></span> <span class='ocrx_word' id='word_1_86' title='bbox 258 1802 344 1856; x_wconf 79' lang='lat' dir='ltr'><strong>tstttt.</strong></span> <span class='ocrx_word' id='word_1_87' title='bbox 383 1802 438 1855; x_wconf 78' lang='lat' dir='ltr'><strong>seo</strong></span> <span class='ocrx_word' id='word_1_88' title='bbox 459 1805 566 1857; x_wconf 78' lang='lat' dir='ltr'><strong>etlreo</strong></span> <span class='ocrx_word' id='word_1_89' title='bbox 586 1811 615 1859; x_wconf 90' lang='lat' dir='ltr'><strong>et</strong></span> <span class='ocrx_word' id='word_1_90' title='bbox 633 1821 684 1871; x_wconf 85' lang='lat' dir='ltr'><strong>eo,</strong></span> <span class='ocrx_word' id='word_1_91' title='bbox 715 1822 775 1874; x_wconf 74' lang='lat' dir='ltr'><strong>qun</strong></span> <span class='ocrx_word' id='word_1_92' title='bbox 792 1805 827 1857; x_wconf 87' lang='lat' dir='ltr'><strong>de</strong></span> <span class='ocrx_word' id='word_1_93' title='bbox 846 1803 1017 1857; x_wconf 80' lang='lat' dir='ltr'><strong>Ethicorum</strong></span> <span class='ocrx_word' id='word_1_94' title='bbox 1034 1795 1189 1856; x_wconf 67' lang='lat' dir='ltr'><strong>uteo-me</strong></span> 
     </span>
     <span class='ocr_line' id='line_1_14' title="bbox 144 1894 1012 1965; baseline -0.001 -17"><span class='ocrx_word' id='word_1_95' title='bbox 144 1912 208 1949; x_wconf 85' lang='lat' dir='ltr'><strong>rum</strong></span> <span class='ocrx_word' id='word_1_96' title='bbox 226 1895 364 1965; x_wconf 75' lang='lat' dir='ltr'><strong>scriptore</strong></span> <span class='ocrx_word' id='word_1_97' title='bbox 385 1895 483 1948; x_wconf 74' lang='lat' dir='ltr'><strong>(livero</strong></span> <span class='ocrx_word' id='word_1_98' title='bbox 502 1897 597 1964; x_wconf 80' lang='lat' dir='ltr'><strong>addit,</strong></span> <span class='ocrx_word' id='word_1_99' title='bbox 615 1897 816 1951; x_wconf 73' lang='lat' dir='ltr'><strong>tractabuntur</strong></span> <span class='ocrx_word' id='word_1_100' title='bbox 833 1894 862 1948; x_wconf 92' lang='lat' dir='ltr'><strong>io</strong></span> <span class='ocrx_word' id='word_1_101' title='bbox 881 1910 1012 1948; x_wconf 77' lang='lat' dir='ltr'><strong>excursu.</strong></span> 
     </span>
    </p>

    <p class='ocr_par' dir='ltr' id='par_1_6' title="bbox 145 1984 1235 2796">
     <span class='ocr_line' id='line_1_15' title="bbox 214 1984 1192 2059; baseline -0.006 -20"><span class='ocrx_word' id='word_1_102' title='bbox 214 2005 273 2040; x_wconf 83' lang='lat' dir='ltr'><strong>esse</strong></span> <span class='ocrx_word' id='word_1_103' title='bbox 300 1988 453 2055; x_wconf 68' lang='lat' dir='ltr'><strong>Aristoteli)</strong></span> <span class='ocrx_word' id='word_1_104' title='bbox 493 1989 594 2042; x_wconf 87' lang='lat' dir='ltr'><strong>Solum</strong></span> <span class='ocrx_word' id='word_1_105' title='bbox 620 1990 826 2059; x_wconf 79' lang='lat' dir='ltr'><strong>Erlsngensem</strong></span> <span class='ocrx_word' id='word_1_106' title='bbox 852 1987 940 2041; x_wconf 79' lang='lat' dir='ltr'><strong>liuius</strong></span> <span class='ocrx_word' id='word_1_107' title='bbox 966 1984 1108 2054; x_wconf 73' lang='lat' dir='ltr'><strong>scriptore</strong></span> <span class='ocrx_word' id='word_1_108' title='bbox 1127 1986 1192 2035; x_wconf 69' lang='lat' dir='ltr'><strong>lost!</strong></span> 
     </span>
     <span class='ocr_line' id='line_1_16' title="bbox 146 2071 1193 2154; baseline -0.009 -22"><span class='ocrx_word' id='word_1_109' title='bbox 146 2079 233 2134; x_wconf 78' lang='lat' dir='ltr'><strong>(isius</strong></span> <span class='ocrx_word' id='word_1_110' title='bbox 251 2079 332 2139; x_wconf 77' lang='lat' dir='ltr'><strong>citui,</strong></span> <span class='ocrx_word' id='word_1_111' title='bbox 351 2086 392 2145; x_wconf 91' lang='lat' dir='ltr'><strong>ut,</strong></span> <span class='ocrx_word' id='word_1_112' title='bbox 409 2079 432 2131; x_wconf 88' lang='lat' dir='ltr'><strong>si</strong></span> <span class='ocrx_word' id='word_1_113' title='bbox 451 2079 516 2150; x_wconf 88' lang='lat' dir='ltr'><strong>quid</strong></span> <span class='ocrx_word' id='word_1_114' title='bbox 535 2079 560 2133; x_wconf 80' lang='lat' dir='ltr'><strong>ei</strong></span> <span class='ocrx_word' id='word_1_115' title='bbox 576 2081 651 2134; x_wconf 85' lang='lat' dir='ltr'><strong>erodi</strong></span> <span class='ocrx_word' id='word_1_116' title='bbox 669 2086 772 2154; x_wconf 89' lang='lat' dir='ltr'><strong>posset,</strong></span> <span class='ocrx_word' id='word_1_117' title='bbox 792 2082 821 2134; x_wconf 89' lang='lat' dir='ltr'><strong>in</strong></span> <span class='ocrx_word' id='word_1_118' title='bbox 832 2078 960 2150; x_wconf 78' lang='lat' dir='ltr'><strong>Spirensi</strong></span> <span class='ocrx_word' id='word_1_119' title='bbox 979 2075 1127 2131; x_wconf 74' lang='lat' dir='ltr'><strong>Aristotelis</strong></span> <span class='ocrx_word' id='word_1_120' title='bbox 1139 2071 1193 2124; x_wconf 77' lang='lat' dir='ltr'><strong>ls&#39;stt</strong></span> 
     </span>
     <span class='ocr_line' id='line_1_17' title="bbox 146 2164 1194 2239; baseline -0.003 -17"><span class='ocrx_word' id='word_1_121' title='bbox 146 2168 309 2233; x_wconf 83' lang='lat' dir='ltr'><strong>uideretur;</strong></span> <span class='ocrx_word' id='word_1_122' title='bbox 327 2170 375 2221; x_wconf 85' lang='lat' dir='ltr'><strong>sed</strong></span> <span class='ocrx_word' id='word_1_123' title='bbox 394 2190 450 2226; x_wconf 92' lang='lat' dir='ltr'><strong>nou</strong></span> <span class='ocrx_word' id='word_1_124' title='bbox 469 2175 571 2237; x_wconf 69' lang='lat' dir='ltr'><strong>credor</strong></span> <span class='ocrx_word' id='word_1_125' title='bbox 590 2175 648 2228; x_wconf 85' lang='lat' dir='ltr'><strong>uid.</strong></span> <span class='ocrx_word' id='word_1_126' title='bbox 668 2175 703 2227; x_wconf 86' lang='lat' dir='ltr'><strong>tul</strong></span> <span class='ocrx_word' id='word_1_127' title='bbox 723 2174 754 2239; x_wconf 90' lang='lat' dir='ltr'><strong>l,</strong></span> <span class='ocrx_word' id='word_1_128' title='bbox 773 2173 815 2225; x_wconf 84' lang='lat' dir='ltr'><strong>lt.</strong></span> <span class='ocrx_word' id='word_1_129' title='bbox 861 2169 1015 2237; x_wconf 76' lang='lat' dir='ltr'><strong>Ganymedi</strong></span> <span class='ocrx_word' id='word_1_130' title='bbox 1032 2164 1194 2232; x_wconf 66' lang='lat' dir='ltr'><strong>honest-pte</strong></span> 
     </span>
     <span class='ocr_line' id='line_1_18' title="bbox 146 2255 1196 2331; baseline -0.004 -16"><span class='ocrx_word' id='word_1_131' title='bbox 146 2261 185 2315; x_wconf 89' lang='lat' dir='ltr'><strong>mi</strong></span> <span class='ocrx_word' id='word_1_132' title='bbox 204 2260 314 2315; x_wconf 79' lang='lat' dir='ltr'><strong>codices</strong></span> <span class='ocrx_word' id='word_1_133' title='bbox 331 2262 417 2316; x_wconf 82' lang='lat' dir='ltr'><strong>Ture.</strong></span> <span class='ocrx_word' id='word_1_134' title='bbox 437 2264 493 2325; x_wconf 87' lang='lat' dir='ltr'><strong>lv,</strong></span> <span class='ocrx_word' id='word_1_135' title='bbox 528 2264 580 2331; x_wconf 84' lang='lat'><strong>71,</strong></span> <span class='ocrx_word' id='word_1_136' title='bbox 609 2265 766 2319; x_wconf 70' lang='lat' dir='ltr'><strong>Archimedi</strong></span> <span class='ocrx_word' id='word_1_137' title='bbox 782 2261 919 2318; x_wconf 82' lang='lat' dir='ltr'><strong>scribitur</strong></span> <span class='ocrx_word' id='word_1_138' title='bbox 937 2260 1036 2314; x_wconf 77' lang='lat' dir='ltr'><strong>libri!</strong></span> <span class='ocrx_word' id='word_1_139' title='bbox 1054 2262 1089 2314; x_wconf 82' lang='lat' dir='ltr'><strong>R.</strong></span> <span class='ocrx_word' id='word_1_140' title='bbox 1106 2259 1132 2313; x_wconf 81' lang='grc' dir='ltr'><strong>Ρ.</strong></span> <span class='ocrx_word' id='word_1_141' title='bbox 1143 2255 1196 2309; x_wconf 74' lang='lat' dir='ltr'><strong>liti</strong></span> 
     </span>
     <span class='ocr_line' id='line_1_19' title="bbox 145 2342 1197 2426; baseline -0.004 -20"><span class='ocrx_word' id='word_1_142' title='bbox 145 2352 198 2419; x_wconf 77' lang='lat'><strong>22,</strong></span> <span class='ocrx_word' id='word_1_143' title='bbox 226 2354 338 2418; x_wconf 84' lang='lat' dir='ltr'><strong>lllilidi,</strong></span> <span class='ocrx_word' id='word_1_144' title='bbox 373 2354 427 2407; x_wconf 83' lang='lat' dir='ltr'><strong>lsoo</strong></span> <span class='ocrx_word' id='word_1_145' title='bbox 445 2363 487 2409; x_wconf 86' lang='lat' dir='ltr'><strong>est</strong></span> <span class='ocrx_word' id='word_1_146' title='bbox 508 2357 649 2425; x_wconf 82' lang='lat' dir='ltr'><strong>Miltiadi,</strong></span> <span class='ocrx_word' id='word_1_147' title='bbox 685 2357 714 2411; x_wconf 88' lang='lat' dir='ltr'><strong>in</strong></span> <span class='ocrx_word' id='word_1_148' title='bbox 736 2356 797 2411; x_wconf 84' lang='lat' dir='ltr'><strong>eod.</strong></span> <span class='ocrx_word' id='word_1_149' title='bbox 818 2354 1004 2426; x_wconf 73' lang='lat' dir='ltr'><strong>palimpsesto</strong></span> <span class='ocrx_word' id='word_1_150' title='bbox 1021 2342 1197 2407; x_wconf 80' lang='lat' dir='ltr'><strong>scholiorsslt</strong></span> 
     </span>
     <span class='ocr_line' id='line_1_20' title="bbox 147 2434 1235 2517; baseline -0.004 -18"><span class='ocrx_word' id='word_1_151' title='bbox 147 2453 220 2500; x_wconf 86' lang='lat' dir='ltr'><strong>orot.</strong></span> <span class='ocrx_word' id='word_1_152' title='bbox 241 2463 292 2517; x_wconf 90' lang='lat' dir='ltr'><strong>pro</strong></span> <span class='ocrx_word' id='word_1_153' title='bbox 311 2443 402 2498; x_wconf 81' lang='lat' dir='ltr'><strong>Sestio</strong></span> <span class='ocrx_word' id='word_1_154' title='bbox 420 2465 448 2517; x_wconf 93' lang='lat' dir='ltr'><strong>p.</strong></span> <span class='ocrx_word' id='word_1_155' title='bbox 469 2448 522 2503; x_wconf 70' lang='lat'><strong>31²</strong></span> <span class='ocrx_word' id='word_1_156' title='bbox 540 2450 589 2503; x_wconf 84' lang='lat' dir='ltr'><strong>Or.</strong></span> <span class='ocrx_word' id='word_1_157' title='bbox 630 2451 673 2504; x_wconf 80' lang='lat' dir='ltr'><strong>Eo</strong></span> <span class='ocrx_word' id='word_1_158' title='bbox 692 2449 784 2503; x_wconf 87' lang='lat' dir='ltr'><strong>miuus</strong></span> <span class='ocrx_word' id='word_1_159' title='bbox 803 2447 935 2501; x_wconf 82' lang='lat' dir='ltr'><strong>dubitsro</strong></span> <span class='ocrx_word' id='word_1_160' title='bbox 954 2446 1098 2509; x_wconf 80' lang='lat' dir='ltr'><strong>debemus,</strong></span> <span class='ocrx_word' id='word_1_161' title='bbox 1112 2434 1197 2512; x_wconf 67' lang='lat' dir='ltr'><strong>ptuit.</strong></span> <span class='ocrx_word' id='word_1_162' title='bbox 1232 2448 1235 2457; x_wconf 92' lang='lat'>&#39;</span> 
     </span>
     <span class='ocr_line' id='line_1_21' title="bbox 148 2520 1235 2611; baseline -0.004 -20"><span class='ocrx_word' id='word_1_163' title='bbox 148 2538 286 2608; x_wconf 78' lang='lat' dir='ltr'><strong>quoditie</strong></span> <span class='ocrx_word' id='word_1_164' title='bbox 306 2537 376 2591; x_wconf 81' lang='lat' dir='ltr'><strong>loris</strong></span> <span class='ocrx_word' id='word_1_165' title='bbox 395 2538 592 2611; x_wconf 78' lang='lat' dir='ltr'><strong>antiquissumi</strong></span> <span class='ocrx_word' id='word_1_166' title='bbox 608 2541 718 2594; x_wconf 77' lang='lat' dir='ltr'><strong>rodis-es</strong></span> <span class='ocrx_word' id='word_1_167' title='bbox 734 2538 894 2604; x_wconf 73' lang='lat' dir='ltr'><strong>senuerint,</strong></span> <span class='ocrx_word' id='word_1_168' title='bbox 919 2538 991 2592; x_wconf 80' lang='lat' dir='ltr'><strong>olibi</strong></span> <span class='ocrx_word' id='word_1_169' title='bbox 1011 2554 1028 2592; x_wconf 88' lang='lat' dir='ltr'><strong>s</strong></span> <span class='ocrx_word' id='word_1_170' title='bbox 1049 2526 1198 2589; x_wconf 63' lang='lat' dir='ltr'><strong>lilsrsriistl</strong></span> <span class='ocrx_word' id='word_1_171' title='bbox 1233 2520 1235 2533; x_wconf 60' lang='lat'>¹</span> 
     </span>
     <span class='ocr_line' id='line_1_22' title="bbox 147 2620 1200 2703; baseline -0.003 -19"><span class='ocrx_word' id='word_1_172' title='bbox 147 2631 309 2684; x_wconf 83' lang='lat' dir='ltr'><strong>litterotum</strong></span> <span class='ocrx_word' id='word_1_173' title='bbox 327 2629 374 2695; x_wconf 88' lang='lat' dir='ltr'><strong>sil,</strong></span> <span class='ocrx_word' id='word_1_174' title='bbox 393 2633 466 2700; x_wconf 90' lang='lat' dir='ltr'><strong>quod</strong></span> <span class='ocrx_word' id='word_1_175' title='bbox 479 2632 616 2695; x_wconf 88' lang='lat' dir='ltr'><strong>uidemus,</strong></span> <span class='ocrx_word' id='word_1_176' title='bbox 635 2632 688 2703; x_wconf 89' lang='lat' dir='ltr'><strong>ipsi</strong></span> <span class='ocrx_word' id='word_1_177' title='bbox 698 2633 843 2687; x_wconf 79' lang='lat' dir='ltr'><strong>Priscisuo</strong></span> <span class='ocrx_word' id='word_1_178' title='bbox 861 2633 904 2700; x_wconf 80' lang='lat' dir='ltr'><strong>(p.</strong></span> <span class='ocrx_word' id='word_1_179' title='bbox 922 2630 979 2685; x_wconf 78' lang='grc'><strong>706</strong></span> <span class='ocrx_word' id='word_1_180' title='bbox 991 2620 1200 2694; x_wconf 64' lang='grc' dir='ltr'><strong>ΡιιῑιοΙιμιίὶΙΙ</strong></span> 
     </span>
     <span class='ocr_line' id='line_1_23' title="bbox 149 2722 897 2796; baseline 0.004 -22"><span class='ocrx_word' id='word_1_181' title='bbox 149 2724 201 2777; x_wconf 84' lang='lat' dir='ltr'><strong>lios</strong></span> <span class='ocrx_word' id='word_1_182' title='bbox 220 2722 294 2776; x_wconf 86' lang='lat' dir='ltr'><strong>uisos</strong></span> <span class='ocrx_word' id='word_1_183' title='bbox 313 2740 384 2787; x_wconf 86' lang='lat' dir='ltr'><strong>osse,</strong></span> <span class='ocrx_word' id='word_1_184' title='bbox 404 2722 451 2792; x_wconf 92' lang='lat' dir='ltr'><strong>qui</strong></span> <span class='ocrx_word' id='word_1_185' title='bbox 467 2741 518 2794; x_wconf 89' lang='lat' dir='ltr'><strong>pro</strong></span> <span class='ocrx_word' id='word_1_186' title='bbox 537 2723 672 2795; x_wconf 80' lang='lat' dir='ltr'><strong>genitinis</strong></span> <span class='ocrx_word' id='word_1_187' title='bbox 691 2725 774 2796; x_wconf 85' lang='lat' dir='ltr'><strong>positi</strong></span> <span class='ocrx_word' id='word_1_188' title='bbox 795 2726 897 2777; x_wconf 80' lang='lat' dir='ltr'><strong>essent.</strong></span> 
     </span>
    </p>

    <p class='ocr_par' dir='ltr' id='par_1_7' title="bbox 149 2810 1210 4165">
     <span class='ocr_line' id='line_1_24' title="bbox 216 2810 1202 2889; baseline -0.007 -21"><span class='ocrx_word' id='word_1_189' title='bbox 216 2816 297 2883; x_wconf 83' lang='lat' dir='ltr'><strong>patri</strong></span> <span class='ocrx_word' id='word_1_190' title='bbox 313 2814 426 2882; x_wconf 82' lang='lat' dir='ltr'><strong>similis)</strong></span> <span class='ocrx_word' id='word_1_191' title='bbox 442 2818 535 2883; x_wconf 82' lang='lat' dir='ltr'><strong>putris</strong></span> <span class='ocrx_word' id='word_1_192' title='bbox 553 2816 667 2880; x_wconf 79' lang='lat' dir='ltr'><strong>Lirinus,</strong></span> <span class='ocrx_word' id='word_1_193' title='bbox 685 2817 819 2889; x_wconf 86' lang='lat' dir='ltr'><strong>uenitque</strong></span> <span class='ocrx_word' id='word_1_194' title='bbox 837 2816 911 2868; x_wconf 83' lang='lat' dir='ltr'><strong>idem</strong></span> <span class='ocrx_word' id='word_1_195' title='bbox 931 2810 1049 2867; x_wconf 72' lang='lat' dir='ltr'><strong>Bromio</strong></span> <span class='ocrx_word' id='word_1_196' title='bbox 1066 2811 1093 2864; x_wconf 84' lang='lat' dir='ltr'><strong>is</strong></span> <span class='ocrx_word' id='word_1_197' title='bbox 1109 2810 1202 2863; x_wconf 72' lang='lat' dir='ltr'><strong>sutis</strong></span> 
     </span>
     <span class='ocr_line' id='line_1_25' title="bbox 150 2908 1203 2978; baseline -0.002 -18"><span class='ocrx_word' id='word_1_198' title='bbox 150 2908 212 2960; x_wconf 85' lang='lat' dir='ltr'><strong>iure</strong></span> <span class='ocrx_word' id='word_1_199' title='bbox 233 2908 371 2971; x_wconf 74' lang='lat' dir='ltr'><strong>fortusse,</strong></span> <span class='ocrx_word' id='word_1_200' title='bbox 397 2923 453 2959; x_wconf 92' lang='lat' dir='ltr'><strong>non</strong></span> <span class='ocrx_word' id='word_1_201' title='bbox 474 2913 569 2960; x_wconf 87' lang='lat' dir='ltr'><strong>tumen</strong></span> <span class='ocrx_word' id='word_1_202' title='bbox 588 2917 704 2978; x_wconf 87' lang='lat' dir='ltr'><strong>propter</strong></span> <span class='ocrx_word' id='word_1_203' title='bbox 723 2908 927 2963; x_wconf 84' lang='lat' dir='ltr'><strong>insuissumum</strong></span> <span class='ocrx_word' id='word_1_204' title='bbox 947 2915 1080 2960; x_wconf 76' lang='lat' dir='ltr'><strong>ueterum</strong></span> <span class='ocrx_word' id='word_1_205' title='bbox 1099 2908 1203 2974; x_wconf 69' lang='lat' dir='ltr'><strong>gru*</strong></span> 
     </span>
     <span class='ocr_line' id='line_1_26' title="bbox 149 2980 1204 3071; baseline -0.004 -19"><span class='ocrx_word' id='word_1_206' title='bbox 149 3000 269 3052; x_wconf 68' lang='lat' dir='ltr'><strong>unm„</strong></span> <span class='ocrx_word' id='word_1_207' title='bbox 290 2998 449 3067; x_wconf 72' lang='lat' dir='ltr'><strong>(utonem</strong></span> <span class='ocrx_word' id='word_1_208' title='bbox 469 3017 497 3068; x_wconf 73' lang='lat' dir='ltr'><strong>p.</strong></span> <span class='ocrx_word' id='word_1_209' title='bbox 516 2997 585 3064; x_wconf 78' lang='lat' dir='ltr'><strong>eoo,</strong></span> <span class='ocrx_word' id='word_1_210' title='bbox 604 2999 689 3071; x_wconf 69' lang='lat' dir='ltr'><strong>capu</strong></span> <span class='ocrx_word' id='word_1_211' title='bbox 707 3020 735 3071; x_wconf 67' lang='lat' dir='ltr'><strong>p.</strong></span> <span class='ocrx_word' id='word_1_212' title='bbox 751 2999 838 3062; x_wconf 75' lang='lat' dir='ltr'><strong>esis,</strong></span> <span class='ocrx_word' id='word_1_213' title='bbox 856 3000 940 3052; x_wconf 64' lang='lat' dir='ltr'><strong>ulos</strong></span> <span class='ocrx_word' id='word_1_214' title='bbox 960 3017 988 3068; x_wconf 70' lang='lat' dir='ltr'><strong>p.</strong></span> <span class='ocrx_word' id='word_1_215' title='bbox 1009 2996 1091 3061; x_wconf 82' lang='lat' dir='ltr'><strong>sors,</strong></span> <span class='ocrx_word' id='word_1_216' title='bbox 1105 2980 1204 3048; x_wconf 69' lang='grc' dir='ltr'><strong>ιιῑιιιι)</strong></span> 
     </span>
     <span class='ocr_line' id='line_1_27' title="bbox 150 3086 1205 3162; baseline -0.003 -19"><span class='ocrx_word' id='word_1_217' title='bbox 150 3098 319 3161; x_wconf 72' lang='lat' dir='ltr'><strong>preceptum</strong></span> <span class='ocrx_word' id='word_1_218' title='bbox 339 3092 503 3144; x_wconf 87' lang='lat' dir='ltr'><strong>domorum</strong></span> <span class='ocrx_word' id='word_1_219' title='bbox 522 3099 571 3145; x_wconf 80' lang='lat' dir='ltr'><strong>sut</strong></span> <span class='ocrx_word' id='word_1_220' title='bbox 589 3092 687 3162; x_wconf 76' lang='lat' dir='ltr'><strong>ligures</strong></span> <span class='ocrx_word' id='word_1_221' title='bbox 706 3090 908 3155; x_wconf 85' lang='lat' dir='ltr'><strong>similitudino,</strong></span> <span class='ocrx_word' id='word_1_222' title='bbox 927 3090 1002 3159; x_wconf 85' lang='lat' dir='ltr'><strong>quod</strong></span> <span class='ocrx_word' id='word_1_223' title='bbox 1022 3087 1135 3149; x_wconf 81' lang='lat' dir='ltr'><strong>esdsos,</strong></span> <span class='ocrx_word' id='word_1_224' title='bbox 1149 3086 1205 3153; x_wconf 60' lang='grc' dir='ltr'><strong><em>Ψ</em></strong></span> 
     </span>
     <span class='ocr_line' id='line_1_28' title="bbox 150 3178 1205 3253; baseline -0.005 -18"><span class='ocrx_word' id='word_1_225' title='bbox 150 3182 212 3235; x_wconf 74' lang='lat' dir='ltr'><strong>ulie</strong></span> <span class='ocrx_word' id='word_1_226' title='bbox 230 3183 304 3253; x_wconf 85' lang='lat' dir='ltr'><strong>opud</strong></span> <span class='ocrx_word' id='word_1_227' title='bbox 326 3184 438 3235; x_wconf 84' lang='lat' dir='ltr'><strong>eosdem</strong></span> <span class='ocrx_word' id='word_1_228' title='bbox 455 3182 682 3237; x_wconf 74' lang='lat' dir='ltr'><strong>differentiarum</strong></span> <span class='ocrx_word' id='word_1_229' title='bbox 702 3183 862 3237; x_wconf 80' lang='lat' dir='ltr'><strong>notationes</strong></span> <span class='ocrx_word' id='word_1_230' title='bbox 875 3184 1014 3252; x_wconf 70' lang='lat' dir='ltr'><strong>arguunt,</strong></span> <span class='ocrx_word' id='word_1_231' title='bbox 1031 3178 1141 3233; x_wconf 83' lang='lat' dir='ltr'><strong>leuitsls</strong></span> <span class='ocrx_word' id='word_1_232' title='bbox 1154 3182 1205 3227; x_wconf 67' lang='lat' dir='ltr'><strong>w·</strong></span> 
     </span>
     <span class='ocr_line' id='line_1_29' title="bbox 150 3262 1206 3344; baseline -0.002 -19"><span class='ocrx_word' id='word_1_233' title='bbox 150 3272 292 3344; x_wconf 84' lang='lat' dir='ltr'><strong>gitutum,</strong></span> <span class='ocrx_word' id='word_1_234' title='bbox 323 3274 379 3326; x_wconf 84' lang='lat' dir='ltr'><strong>uiri</strong></span> <span class='ocrx_word' id='word_1_235' title='bbox 398 3275 483 3340; x_wconf 72' lang='lat' dir='ltr'><strong>docti,</strong></span> <span class='ocrx_word' id='word_1_236' title='bbox 502 3291 676 3344; x_wconf 76' lang='lat' dir='ltr'><strong>quamquem</strong></span> <span class='ocrx_word' id='word_1_237' title='bbox 694 3292 730 3328; x_wconf 87' lang='lat' dir='ltr'><strong>ne</strong></span> <span class='ocrx_word' id='word_1_238' title='bbox 748 3262 869 3328; x_wconf 74' lang='lat' dir='ltr'><strong>dimini·</strong></span> <span class='ocrx_word' id='word_1_239' title='bbox 887 3271 1003 3343; x_wconf 87' lang='lat' dir='ltr'><strong>quidem</strong></span> <span class='ocrx_word' id='word_1_240' title='bbox 1023 3271 1097 3342; x_wconf 86' lang='lat' dir='ltr'><strong>psrti</strong></span> <span class='ocrx_word' id='word_1_241' title='bbox 1115 3272 1206 3323; x_wconf 72' lang='lat' dir='ltr'><strong>tom·</strong></span> 
     </span>
     <span class='ocr_line' id='line_1_30' title="bbox 151 3350 1208 3432; baseline -0.001 -16"><span class='ocrx_word' id='word_1_242' title='bbox 151 3365 303 3418; x_wconf 71' lang='lat' dir='ltr'><strong>conuenire</strong></span> <span class='ocrx_word' id='word_1_243' title='bbox 321 3366 433 3432; x_wconf 88' lang='lat' dir='ltr'><strong>uident,</strong></span> <span class='ocrx_word' id='word_1_244' title='bbox 464 3373 558 3420; x_wconf 83' lang='lat' dir='ltr'><strong>tumeo</strong></span> <span class='ocrx_word' id='word_1_245' title='bbox 577 3363 690 3419; x_wconf 81' lang='lat' dir='ltr'><strong>obicere</strong></span> <span class='ocrx_word' id='word_1_246' title='bbox 707 3384 764 3419; x_wconf 85' lang='lat' dir='ltr'><strong>non</strong></span> <span class='ocrx_word' id='word_1_247' title='bbox 782 3367 897 3419; x_wconf 81' lang='lat' dir='ltr'><strong>sudent.</strong></span> <span class='ocrx_word' id='word_1_248' title='bbox 944 3350 1208 3418; x_wconf 61' lang='lat' dir='ltr'><strong>salmas-muts*</strong></span> 
     </span>
     <span class='ocr_line' id='line_1_31' title="bbox 152 3436 1208 3528; baseline -0.003 -19"><span class='ocrx_word' id='word_1_249' title='bbox 152 3457 179 3509; x_wconf 90' lang='lat' dir='ltr'><strong>in</strong></span> <span class='ocrx_word' id='word_1_250' title='bbox 200 3458 254 3509; x_wconf 85' lang='lat' dir='ltr'><strong>hoc</strong></span> <span class='ocrx_word' id='word_1_251' title='bbox 273 3475 384 3527; x_wconf 90' lang='lat' dir='ltr'><strong>quoquo</strong></span> <span class='ocrx_word' id='word_1_252' title='bbox 403 3476 435 3511; x_wconf 91' lang='lat' dir='ltr'><strong>ro</strong></span> <span class='ocrx_word' id='word_1_253' title='bbox 455 3455 605 3512; x_wconf 77' lang='lat' dir='ltr'><strong>diuet-situs</strong></span> <span class='ocrx_word' id='word_1_254' title='bbox 622 3465 793 3528; x_wconf 81' lang='lat' dir='ltr'><strong>temporum.</strong></span> <span class='ocrx_word' id='word_1_255' title='bbox 846 3458 920 3512; x_wconf 78' lang='lat' dir='ltr'><strong>Nem</strong></span> <span class='ocrx_word' id='word_1_256' title='bbox 945 3464 975 3511; x_wconf 83' lang='lat' dir='ltr'><strong>et</strong></span> <span class='ocrx_word' id='word_1_257' title='bbox 993 3456 1094 3509; x_wconf 84' lang='lat' dir='ltr'><strong>Cicero</strong></span> <span class='ocrx_word' id='word_1_258' title='bbox 1115 3458 1143 3506; x_wconf 83' lang='lat' dir='ltr'><strong>el</strong></span> <span class='ocrx_word' id='word_1_259' title='bbox 1161 3436 1208 3501; x_wconf 61' lang='lat'>¹¹¹5·</span> 
     </span>
     <span class='ocr_line' id='line_1_32' title="bbox 151 3530 1209 3620; baseline 0.002 -23"><span class='ocrx_word' id='word_1_260' title='bbox 151 3547 264 3616; x_wconf 80' lang='lat' dir='ltr'><strong>quiores</strong></span> <span class='ocrx_word' id='word_1_261' title='bbox 281 3548 335 3600; x_wconf 85' lang='lat' dir='ltr'><strong>hoc</strong></span> <span class='ocrx_word' id='word_1_262' title='bbox 353 3556 473 3602; x_wconf 87' lang='lat' dir='ltr'><strong>utuntur</strong></span> <span class='ocrx_word' id='word_1_263' title='bbox 486 3551 597 3620; x_wconf 76' lang='lat' dir='ltr'><strong>regulo,</strong></span> <span class='ocrx_word' id='word_1_264' title='bbox 616 3556 649 3603; x_wconf 89' lang='lat' dir='ltr'><strong>ut</strong></span> <span class='ocrx_word' id='word_1_265' title='bbox 666 3550 695 3602; x_wconf 92' lang='lat' dir='ltr'><strong>in</strong></span> <span class='ocrx_word' id='word_1_266' title='bbox 714 3548 914 3614; x_wconf 87' lang='lat' dir='ltr'><strong>snimsntium,</strong></span> <span class='ocrx_word' id='word_1_267' title='bbox 931 3530 1209 3617; x_wconf 69' lang='lat' dir='ltr'><strong>sonis-supremi·</strong></span> 
     </span>
     <span class='ocr_line' id='line_1_33' title="bbox 153 3626 1210 3711; baseline 0.002 -22"><span class='ocrx_word' id='word_1_268' title='bbox 153 3644 180 3691; x_wconf 91' lang='lat' dir='ltr'><strong>et</strong></span> <span class='ocrx_word' id='word_1_269' title='bbox 204 3639 340 3703; x_wconf 87' lang='lat' dir='ltr'><strong>deorum,</strong></span> <span class='ocrx_word' id='word_1_270' title='bbox 375 3637 560 3692; x_wconf 84' lang='lat' dir='ltr'><strong>similitudine</strong></span> <span class='ocrx_word' id='word_1_271' title='bbox 578 3641 703 3695; x_wconf 75' lang='lat' dir='ltr'><strong>notendo</strong></span> <span class='ocrx_word' id='word_1_272' title='bbox 729 3640 889 3711; x_wconf 75' lang='lat' dir='ltr'><strong>genitiuom</strong></span> <span class='ocrx_word' id='word_1_273' title='bbox 915 3638 1058 3694; x_wconf 81' lang='lat' dir='ltr'><strong>sdieetiuo</strong></span> <span class='ocrx_word' id='word_1_274' title='bbox 1083 3626 1210 3703; x_wconf 53' lang='lat' dir='ltr'><strong>silium*</strong></span> 
     </span>
     <span class='ocr_line' id='line_1_34' title="bbox 152 3716 1210 3803; baseline -0.002 -22"><span class='ocrx_word' id='word_1_275' title='bbox 152 3735 297 3799; x_wconf 73' lang='lat' dir='ltr'><strong>tamquam</strong></span> <span class='ocrx_word' id='word_1_276' title='bbox 316 3730 525 3783; x_wconf 79' lang='lat' dir='ltr'><strong>substantiuom</strong></span> <span class='ocrx_word' id='word_1_277' title='bbox 545 3730 598 3798; x_wconf 87' lang='lat' dir='ltr'><strong>sit,</strong></span> <span class='ocrx_word' id='word_1_278' title='bbox 634 3733 873 3803; x_wconf 77' lang='lat' dir='ltr'><strong>quemadmodum</strong></span> <span class='ocrx_word' id='word_1_279' title='bbox 893 3746 980 3801; x_wconf 81' lang='lat' dir='ltr'><strong>quom</strong></span> <span class='ocrx_word' id='word_1_280' title='bbox 1001 3729 1112 3783; x_wconf 73' lang='lat' dir='ltr'><strong>insidiis</strong></span> <span class='ocrx_word' id='word_1_281' title='bbox 1126 3716 1210 3779; x_wconf 68' lang='lat' dir='ltr'><strong>slist&#39;fll</strong></span> 
     </span>
     <span class='ocr_line' id='line_1_35' title="bbox 152 3816 1210 3893; baseline 0.001 -23"><span class='ocrx_word' id='word_1_282' title='bbox 152 3820 267 3874; x_wconf 73' lang='lat' dir='ltr'><strong>dieitur.</strong></span> <span class='ocrx_word' id='word_1_283' title='bbox 310 3826 411 3890; x_wconf 76' lang='lat' dir='ltr'><strong>ltaque</strong></span> <span class='ocrx_word' id='word_1_284' title='bbox 429 3822 456 3873; x_wconf 87' lang='lat' dir='ltr'><strong>in</strong></span> <span class='ocrx_word' id='word_1_285' title='bbox 477 3822 551 3876; x_wconf 86' lang='lat' dir='ltr'><strong>libro</strong></span> <span class='ocrx_word' id='word_1_286' title='bbox 566 3823 578 3875; x_wconf 90' lang='lat' dir='ltr'><strong>l</strong></span> <span class='ocrx_word' id='word_1_287' title='bbox 600 3825 634 3879; x_wconf 83' lang='lat' dir='ltr'><strong>tt.</strong></span> <span class='ocrx_word' id='word_1_288' title='bbox 650 3824 701 3890; x_wconf 75' lang='lat'><strong>1),</strong></span> <span class='ocrx_word' id='word_1_289' title='bbox 719 3824 769 3879; x_wconf 78' lang='lat' dir='ltr'><strong>ulti</strong></span> <span class='ocrx_word' id='word_1_290' title='bbox 788 3827 823 3876; x_wconf 83' lang='lat' dir='ltr'><strong>do</strong></span> <span class='ocrx_word' id='word_1_291' title='bbox 840 3820 945 3893; x_wconf 75' lang='lat' dir='ltr'><strong>sper-isi</strong></span> <span class='ocrx_word' id='word_1_292' title='bbox 963 3822 1109 3893; x_wconf 70' lang='lat' dir='ltr'><strong>elligere</strong></span> <span class='ocrx_word' id='word_1_293' title='bbox 1126 3816 1210 3871; x_wconf 66' lang='lat' dir='ltr'><strong>lun</strong></span> 
     </span>
     <span class='ocr_line' id='line_1_36' title="bbox 153 3904 1210 3986; baseline 0.007 -25"><span class='ocrx_word' id='word_1_294' title='bbox 153 3914 181 3962; x_wconf 85' lang='lat' dir='ltr'><strong>et</strong></span> <span class='ocrx_word' id='word_1_295' title='bbox 206 3911 354 3965; x_wconf 84' lang='lat' dir='ltr'><strong>hominum</strong></span> <span class='ocrx_word' id='word_1_296' title='bbox 386 3912 574 3967; x_wconf 84' lang='lat' dir='ltr'><strong>similitudino</strong></span> <span class='ocrx_word' id='word_1_297' title='bbox 606 3914 721 3986; x_wconf 79' lang='lat' dir='ltr'><strong>sigitur,</strong></span> <span class='ocrx_word' id='word_1_298' title='bbox 761 3916 924 3969; x_wconf 74' lang='lat' dir='ltr'><strong>constanter</strong></span> <span class='ocrx_word' id='word_1_299' title='bbox 954 3912 1099 3985; x_wconf 74' lang='lat' dir='ltr'><strong>genitisos</strong></span> <span class='ocrx_word' id='word_1_300' title='bbox 1121 3904 1210 3981; x_wconf 64' lang='lat' dir='ltr'><strong>potlfl·</strong></span> 
     </span>
     <span class='ocr_line' id='line_1_37' title="bbox 152 4000 1210 4075; baseline -0.002 -19"><span class='ocrx_word' id='word_1_301' title='bbox 152 4000 228 4065; x_wconf 65' lang='lat'><strong>577,</strong></span> <span class='ocrx_word' id='word_1_302' title='bbox 245 4000 296 4066; x_wconf 79' lang='lat'><strong>78,</strong></span> <span class='ocrx_word' id='word_1_303' title='bbox 310 4003 365 4068; x_wconf 76' lang='lat'><strong>79,</strong></span> <span class='ocrx_word' id='word_1_304' title='bbox 384 4002 429 4064; x_wconf 73' lang='lat' dir='ltr'><strong>St,</strong></span> <span class='ocrx_word' id='word_1_305' title='bbox 448 4004 494 4069; x_wconf 81' lang='lat' dir='ltr'><strong>oo,</strong></span> <span class='ocrx_word' id='word_1_306' title='bbox 511 4004 559 4075; x_wconf 88' lang='lat' dir='ltr'><strong>qui</strong></span> <span class='ocrx_word' id='word_1_307' title='bbox 578 4004 633 4059; x_wconf 86' lang='lat' dir='ltr'><strong>lori</strong></span> <span class='ocrx_word' id='word_1_308' title='bbox 651 4007 707 4061; x_wconf 90' lang='lat' dir='ltr'><strong>soli</strong></span> <span class='ocrx_word' id='word_1_309' title='bbox 724 4009 760 4061; x_wconf 85' lang='lat' dir='ltr'><strong>sd</strong></span> <span class='ocrx_word' id='word_1_310' title='bbox 780 4006 965 4061; x_wconf 77' lang='lat' dir='ltr'><strong>euertendam</strong></span> <span class='ocrx_word' id='word_1_311' title='bbox 984 4012 1067 4060; x_wconf 84' lang='lat' dir='ltr'><strong>notus</strong></span> <span class='ocrx_word' id='word_1_312' title='bbox 1085 4002 1152 4057; x_wconf 85' lang='lat' dir='ltr'><strong>illsd</strong></span> <span class='ocrx_word' id='word_1_313' title='bbox 1164 4006 1210 4067; x_wconf 70' lang='grc' dir='ltr'><strong>μί’</strong></span> 
     </span>
     <span class='ocr_line' id='line_1_38' title="bbox 151 4084 1210 4165; baseline 0.006 -25"><span class='ocrx_word' id='word_1_314' title='bbox 151 4094 264 4159; x_wconf 83' lang='lat' dir='ltr'><strong>ceptum</strong></span> <span class='ocrx_word' id='word_1_315' title='bbox 286 4092 442 4159; x_wconf 73' lang='lat' dir='ltr'><strong>sufiiciunt,</strong></span> <span class='ocrx_word' id='word_1_316' title='bbox 460 4103 488 4149; x_wconf 88' lang='lat' dir='ltr'><strong>et</strong></span> <span class='ocrx_word' id='word_1_317' title='bbox 506 4098 604 4150; x_wconf 79' lang='lat' dir='ltr'><strong>eodem</strong></span> <span class='ocrx_word' id='word_1_318' title='bbox 624 4100 709 4152; x_wconf 85' lang='lat' dir='ltr'><strong>modo</strong></span> <span class='ocrx_word' id='word_1_319' title='bbox 728 4098 828 4152; x_wconf 79' lang='lat' dir='ltr'><strong>cicero</strong></span> <span class='ocrx_word' id='word_1_320' title='bbox 846 4094 916 4151; x_wconf 78' lang='lat' dir='ltr'><strong>dixit</strong></span> <span class='ocrx_word' id='word_1_321' title='bbox 935 4096 1055 4165; x_wconf 69' lang='lat' dir='ltr'><strong>speeie·</strong></span> <span class='ocrx_word' id='word_1_322' title='bbox 1072 4093 1117 4151; x_wconf 86' lang='lat' dir='ltr'><strong>ssi</strong></span> <span class='ocrx_word' id='word_1_323' title='bbox 1129 4084 1210 4146; x_wconf 60' lang='lat' dir='ltr'><strong>sid!</strong></span> 
     </span>
    </p>

    <p class='ocr_par' dir='ltr' id='par_1_8' title="bbox 63 4174 1210 4445">
     <span class='ocr_line' id='line_1_39' title="bbox 151 4174 1210 4253; baseline 0.009 -20"><span class='ocrx_word' id='word_1_324' title='bbox 151 4180 237 4235; x_wconf 82' lang='lat' dir='ltr'><strong>Ture.</strong></span> <span class='ocrx_word' id='word_1_325' title='bbox 258 4180 289 4247; x_wconf 88' lang='lat' dir='ltr'><strong>l,</strong></span> <span class='ocrx_word' id='word_1_326' title='bbox 315 4182 351 4237; x_wconf 65' lang='lat' dir='ltr'><strong>dl</strong></span> <span class='ocrx_word' id='word_1_327' title='bbox 369 4190 397 4238; x_wconf 87' lang='lat' dir='ltr'><strong>ot</strong></span> <span class='ocrx_word' id='word_1_328' title='bbox 414 4192 536 4239; x_wconf 80' lang='lat' dir='ltr'><strong>statuant</strong></span> <span class='ocrx_word' id='word_1_329' title='bbox 554 4189 636 4243; x_wconf 85' lang='lat' dir='ltr'><strong>istiss</strong></span> <span class='ocrx_word' id='word_1_330' title='bbox 652 4192 769 4245; x_wconf 77' lang='lat' dir='ltr'><strong>similem</strong></span> <span class='ocrx_word' id='word_1_331' title='bbox 787 4190 817 4245; x_wconf 91' lang='lat' dir='ltr'><strong>iss</strong></span> <span class='ocrx_word' id='word_1_332' title='bbox 836 4188 932 4244; x_wconf 80' lang='lat' dir='ltr'><strong>Piros.</strong></span> <span class='ocrx_word' id='word_1_333' title='bbox 950 4188 996 4243; x_wconf 67' lang='grc'><strong>91.</strong></span> <span class='ocrx_word' id='word_1_334' title='bbox 1048 4190 1135 4245; x_wconf 71' lang='lat' dir='ltr'><strong>Boot·</strong></span> <span class='ocrx_word' id='word_1_335' title='bbox 1149 4174 1210 4253; x_wconf 52' lang='lat' dir='ltr'><strong><em>W</em></strong></span> 
     </span>
     <span class='ocr_line' id='line_1_40' title="bbox 117 4256 1209 4349; baseline 0.009 -24"><span class='ocrx_word' id='word_1_336' title='bbox 117 4260 127 4273; x_wconf 70' lang='lat'><em>⁶</em></span> <span class='ocrx_word' id='word_1_337' title='bbox 150 4271 297 4329; x_wconf 75' lang='lat' dir='ltr'><strong>charisius</strong></span> <span class='ocrx_word' id='word_1_338' title='bbox 315 4276 355 4346; x_wconf 82' lang='lat' dir='ltr'><strong>(p.</strong></span> <span class='ocrx_word' id='word_1_339' title='bbox 373 4274 421 4343; x_wconf 80' lang='lat' dir='ltr'><strong>st)</strong></span> <span class='ocrx_word' id='word_1_340' title='bbox 440 4278 582 4349; x_wconf 75' lang='lat' dir='ltr'><strong>precipit,</strong></span> <span class='ocrx_word' id='word_1_341' title='bbox 600 4286 632 4335; x_wconf 83' lang='lat' dir='ltr'><strong>stt</strong></span> <span class='ocrx_word' id='word_1_342' title='bbox 649 4282 695 4335; x_wconf 85' lang='lat' dir='ltr'><strong>sisi</strong></span> <span class='ocrx_word' id='word_1_343' title='bbox 711 4280 809 4335; x_wconf 73' lang='lat' dir='ltr'><strong>similis</strong></span> <span class='ocrx_word' id='word_1_344' title='bbox 826 4281 938 4335; x_wconf 73' lang='lat' dir='ltr'><strong>dicotur</strong></span> <span class='ocrx_word' id='word_1_345' title='bbox 956 4280 1003 4349; x_wconf 77' lang='lat' dir='ltr'><strong>(ot</strong></span> <span class='ocrx_word' id='word_1_346' title='bbox 1020 4280 1091 4343; x_wconf 73' lang='lat' dir='ltr'><strong>nsi,</strong></span> <span class='ocrx_word' id='word_1_347' title='bbox 1108 4274 1160 4335; x_wconf 76' lang='lat' dir='ltr'><strong>isis</strong></span> <span class='ocrx_word' id='word_1_348' title='bbox 1171 4256 1209 4319; x_wconf 46' lang='grc' dir='ltr'><em>ἦ</em></span> 
     </span>
     <span class='ocr_line' id='line_1_41' title="bbox 63 4362 1208 4445; baseline 0.009 -31"><span class='ocrx_word' id='word_1_349' title='bbox 63 4390 67 4397; x_wconf 94' lang='grc'>-</span> <span class='ocrx_word' id='word_1_350' title='bbox 150 4365 256 4427; x_wconf 77' lang='lat' dir='ltr'><strong>nostri,</strong></span> <span class='ocrx_word' id='word_1_351' title='bbox 275 4370 388 4439; x_wconf 73' lang='lat' dir='ltr'><strong>nostri).</strong></span> <span class='ocrx_word' id='word_1_352' title='bbox 424 4370 543 4429; x_wconf 78' lang='lat' dir='ltr'><strong>Dstiuos</strong></span> <span class='ocrx_word' id='word_1_353' title='bbox 561 4374 636 4443; x_wconf 83' lang='lat' dir='ltr'><strong>spud</strong></span> <span class='ocrx_word' id='word_1_354' title='bbox 654 4374 822 4431; x_wconf 80' lang='lat' dir='ltr'><strong>ciceronem</strong></span> <span class='ocrx_word' id='word_1_355' title='bbox 839 4372 870 4429; x_wconf 86' lang='lat' dir='ltr'><strong>ln</strong></span> <span class='ocrx_word' id='word_1_356' title='bbox 884 4372 940 4428; x_wconf 80' lang='lat' dir='ltr'><strong>hoe</strong></span> <span class='ocrx_word' id='word_1_357' title='bbox 956 4386 1067 4445; x_wconf 62' lang='grc' dir='ltr'><strong>μου</strong></span> <span class='ocrx_word' id='word_1_358' title='bbox 1086 4362 1208 4425; x_wconf 76' lang='lat' dir='ltr'><strong>sdss¹¹⁰</strong></span> 
     </span>
    </p>
   </div>
   <div class='ocr_carea' id='block_1_5' title="bbox 0 0 1384 5018">
    <p class='ocr_par' dir='ltr' id='par_1_9' title="bbox 0 0 1384 5018">
     <span class='ocr_line' id='line_1_42' title="bbox 0 0 1384 5018; baseline 0 0"><span class='ocrx_word' id='word_1_359' title='bbox 0 0 1384 5018; x_wconf 95' lang='lat' dir='ltr'><strong> </strong></span> 
     </span>
    </p>
   </div>
  </div>
 </body>
</html>
