2730 5016
129 352 171 413 8⁰
482 344 543 411 DE
564 342 742 413 FINIBUS
765 342 867 410 BON.

132 542 270 630 quadam
295 541 473 625 percipitur
494 539 667 618 sensibuS,
709 541 768 605 sed
791 559 982 605 maxumam
1001 538 1095 604 illam
1129 539 1224 604 uoln-

130 660 253 734 ptatcm
286 645 463 723 habemus,
510 669 592 733 quae
615 650 794 733 percipitur
819 648 907 710 omni
928 645 1044 711 dolore
1069 646 1225 710 detracto.

131 753 217 818 Nam
241 755 413 839 quoniam,
459 774 557 838 quoru
583 757 749 839 priuamur
772 752 904 830 dolore,
935 755 1006 839 ipsa
1026 750 1226 816 liberatione

133 874 166 925 et
190 862 354 924 uacuitate
381 862 485 922 omnis
508 857 680 924 molestiae
706 860 900 947 gaudemus,
923 880 1018 922 omne
1044 871 1155 921 autern
1182 857 1224 935 id,

133 989 197 1053 quo
217 967 416 1053 gaudemus,
446 964 600 1051 uoluptas
623 980 691 1046 est,
722 979 757 1029 ut
783 989 898 1046 omne,
931 988 996 1053 quo
1016 965 1227 1042 offendimur,

133 1073 246 1153 dolor,
268 1072 390 1137 doloris
415 1076 521 1136 omnis
544 1076 687 1156 priuatio
709 1088 797 1137 recte
820 1076 986 1138 nominata
1008 1085 1040 1135 st
1063 1068 1226 1155 uoluptas.

133 1179 177 1246 Ut
200 1174 299 1260 euim,
320 1202 417 1265 quom
440 1178 515 1244 cibo
538 1192 571 1242 et
593 1182 725 1266 potione
749 1182 854 1245 fames
876 1181 1012 1265 sitisque
1033 1176 1174 1263 depulsa
1188 1188 1228 1253 st,

132 1289 204 1373 ipsa
235 1288 393 1351 detractio
418 1285 589 1349 molestiae
613 1290 876 1350 consecutionem
905 1286 1010 1349 adfert
1035 1282 1228 1370 uoluptatis,

35 1456 37 1463 ,
133 1396 180 1457 sic
214 1395 247 1456 in
280 1395 369 1456 omni
398 1415 433 1455 re
463 1390 586 1454 doloris
617 1395 739 1456 amotio
771 1392 1012 1455 successionem
1039 1387 1149 1454 colicit
1171 1409 1229 1450 uo·

133 1497 280 1582 luptatis.
335 1500 387 1561 38.
412 1497 527 1583 ltaque
551 1520 616 1562 non
638 1498 761 1584 placuit
781 1498 941 1584 Epicuro,
988 1496 1134 1560 medium
1156 1513 1229 1557 ease

135 1605 287 1690 quiddam
314 1605 398 1668 inter
415 1604 563 1669 dolorem
585 1618 619 1668 et
642 1605 864 1687 uoluptatern3
886 1601 969 1666 illud
995 1603 1082 1665 enirn
1108 1603 1229 1684 ipsum,

136 1711 220 1796 quod
260 1709 453 1798 quibusdam
495 1714 638 1775 medium
676 1713 863 1790 uideretur,
911 1730 1007 1795 quoru
1046 1708 1137 1771 omni
1174 1706 1231 1769 do·

189 1875 254 1921 illam
267 1878 323 1931 nol.)
340 1879 390 1923 uel.
406 1879 476 1924 ittam
488 1880 510 1924 R
558 1879 674 1936 qnoniam.
688 1880 765 1934 quom)
781 1891 850 1934 quom
863 1877 885 1921 R
925 1876 1015 1929 dolore)
1029 1874 1096 1917 omni
1111 1870 1231 1918 dolorell

136 1965 204 1997 ornae
218 1958 296 1999 autern
309 1977 337 1987 -
351 1955 487 2011 gandemus)
502 1958 579 2001 nnuc
615 1958 701 2009 auteur)
716 1956 795 2000 anull
824 1956 870 2008 eet)
886 1952 987 1998 ereetE
1014 1950 1136 1995 nominata
1151 1950 1232 2003 et)eet

136 2031 233 2074 nermo
274 2031 367 2086 amotio)
381 2034 453 2075 motta
469 2032 491 2076 R
534 2032 619 2086 ecfleit)
634 2035 719 2089 effecit
733 2032 756 2076 ll
822 2032 857 2077 ³8.
878 2029 996 2086 quiddam)
1011 2029 1134 2082 quoddam
1148 2025 1231 2070 BLOr.

137 2104 269 2159 uideretur)
283 2109 386 2152 utdetur
401 2120 488 2162 omres,
503 2108 544 2152 Or.
572 2109 648 2166 quoni)
663 2121 706 2153 orn.
722 2109 762 2152 0r.

207 2249 239 2296 ut
256 2247 344 2311 omae)
364 2245 438 2301 Uict.
458 2246 500 2298 cd.
520 2251 548 2300 et
566 2245 713 2299 Ernestius
732 2251 763 2297 ut
777 2262 852 2299 omae
871 2246 918 2310 id,
937 2249 1036 2299 contra
1050 2241 1183 2305 codicee,
1203 2245 1235 2293 ut

139 2333 272 2400 uidetur,
291 2334 381 2391 omnia
399 2337 461 2403 (nl.
479 2344 575 2393 ettrca
593 2339 666 2391 alios
686 2339 770 2402 llam,
787 2317 859 2392 011.
878 2356 984 2402 omnes,
1005 2331 1080 2401 uzi).

207 2429 324 2481 medium
346 2430 490 2501 quiddam)
510 2432 646 2502 quoddam
665 2431 749 2483 etiam
771 2428 863 2500 Spin,
883 2430 952 2485 Oxr.
971 2427 1028 2493 Εξ,
1067 2422 1235 2493 recepitque

141 2519 244 2584 Gaium
282 2521 407 2592 alioquin
427 2521 501 2576 enim
524 2525 668 2594 quicquum
686 2522 752 2592 poni
779 2522 919 2576 debuisse.
970 2522 1013 2572 Er
1038 2519 1093 2570 lrac
1121 2515 1236 2586 quidem

141 2617 222 2680 parte
241 2613 339 2665 cadem
360 2614 432 2668 ratio
453 2620 478 2668 at
495 2615 667 2668 substantiui
685 2615 858 2685 pronominis
878 2609 1068 2674 etndiectiui3
1087 2610 1237 2678 eednega·

140 2703 181 2757 tio
197 2704 319 2775 pertinet
337 2710 373 2760 ad
393 2705 536 2760 delinitam
556 2707 699 2759 notionem
727 2706 798 2760 certi
824 2707 972 2761 cuiusdam
991 2701 1094 2766 medii3
1135 2699 1238 2753 deinde

141 2814 197 2849 nou
214 2799 287 2852 eolet
304 2798 403 2854 Cicero
420 2797 585 2854 huiuamodi
605 2799 770 2865 adiectiuio‚
797 2801 883 2870 qualo
901 2806 927 2852 st
944 2797 1077 2858 medium,
1117 2791 1237 2846 adiecti·

142 2905 208 2944 uem
223 2910 377 2963 pronomen
397 2894 510 2947 addere.
547 2895 606 2947 cir.
626 2895 659 2946 ad
680 2892 722 2946 18.

212 2985 283 3036 illud
303 2986 371 3037 caim
391 2987 480 3054 ipsum
498 2985 564 3049 dre.)
586 2986 717 3040 Primum
736 2984 889 3039 tenendum
908 2986 941 3044 ot,
962 2997 1016 3032 noa
1035 2993 1118 3048 poree
1136 2973 1239 3029 diuelli

141 3075 194 3126 lias
210 3093 308 3129 uocesr
347 3078 417 3131 illud
436 3081 504 3131 euim
523 3081 629 3148 irarum,
656 3080 729 3151 quod
758 3084 785 3130 et
806 3076 872 3129 itta:
900 3075 974 3147 quod
1000 3100 1033 3111 -
1052 3070 1166 3122 uidetur
1186 3068 1238 3133 (eie

142 3164 216 3221 onim
243 3176 269 3221 st
296 3169 325 3221 in
344 3171 424 3225 codd.
453 3177 481 3224 et
500 3171 561 3224 odd.
581 3172 727 3237 omnibus)
749 3188 764 3222 e
790 3166 932 3237 Torquati
957 3179 1077 3236 persona
1107 3179 1159 3232 pro
1184 3176 1237 3232 pa-

143 3259 268 3312 rentheei
285 3259 445 3330 interponi,
483 3265 557 3332 quod
577 3265 717 3316 suadebat
735 3262 914 3324 blattlriteur,
950 3265 982 3312 nt
1001 3254 1102 3308 deinde
1124 3253 1236 3323 adposi-

144 3348 221 3401 tione
241 3346 462 3421 adiungeretur:
502 3355 574 3404 omni
591 3355 686 3407 dolore
704 3372 814 3420 curere,
851 3359 1024 3422 secutusque
1045 3354 1072 3403 at
1098 3348 1190 3401 Gaiae
1208 3345 1236 3399 in

144 3440 202 3494 alia
220 3442 370 3510 scriptura.
405 3445 443 3497 Et
463 3458 530 3497 eene
548 3447 606 3498 bae
626 3454 668 3501 cst
689 3447 848 3501 necessaria
870 3463 934 3516 pura
952 3440 1072 3515 Epicuri
1090 3438 1237 3502 arationie,

145 3551 202 3602 qua
221 3536 396 3601 declarabat,
417 3536 482 3606 quid
503 3538 538 3590 dc
557 3556 590 3592 eo
606 3537 762 3604 iudicaret,
789 3540 865 3610 quod
883 3537 933 3591 alii
949 3533 1075 3590 medinm
1094 3535 1236 3604 putarent.

145 3625 200 3678 Sed
219 3632 280 3679 tum
298 3646 353 3681 non
372 3629 465 3682 minua
487 3631 644 3685 necessario
662 3630 843 3685 scribendum
863 3639 925 3684 erat
944 3631 1096 3688 uideretur,
1117 3644 1179 3698 qure
1196 3626 1239 3676 le·

146 3717 271 3772 uictuma
293 3719 413 3775 mutatio
433 3721 491 3775 ianr
509 3725 615 3778 Rathio
636 3724 664 3778 in
683 3730 807 3778 mentem
827 3729 955 3776 uenerat.
985 3723 1063 3775 Tum
1083 3720 1238 3772 edebatur:

146 3829 225 3882 quom
245 3813 318 3865 oouu'
334 3814 429 3867 dolore
450 3822 541 3880 caret,
560 3817 663 3871 uitiosa
685 3825 713 3871 ct
730 3824 830 3870 contra
849 3815 978 3878 codices,
997 3813 1046 3883 qni
1064 3813 1175 3865 habent
1192 3827 1239 3863 ca·

145 3912 227 3968 reret,
246 3906 356 3968 (Mafl'ei
376 3909 438 3974 tib..
456 3910 620 3972 codrUict„
640 3912 714 3964 Poll.
730 3927 835 3972 omnes,
856 3907 947 3966 l‘arir.
961 3912 1028 3970 tres,
1045 3905 1134 3969 ntea,
1155 3903 1239 3968 narn,

72 4030 74 4035 ·
147 3997 215 4051 011.
235 3999 309 4067 Uno,
328 3997 380 4052 uzi
400 4008 554 4070 quattuor3
576 4004 699 4056 alterum
719 4004 872 4054 adnotatur
891 4018 906 4051 e
928 4001 960 4056 C.
979 4001 1009 4051 C.
1028 4000 1064 4051 ’0.
1084 4005 1112 4051 ct
1131 3993 1239 4051 Elienei

146 4095 290 4159 utroque).
344 4093 399 4146 set
419 4095 572 4165 quaritur,
608 4096 751 4166 quodnam
776 4092 812 4147 rit
840 4091 1010 4145 subiectum.
1052 4088 1241 4160 Gaiuepntal

146 4199 206 4236 erre
224 4183 413 4251 uoluptatem,
450 4194 596 4259 tamquam
624 4187 686 4259 quir
710 4187 738 4241 in
769 4187 917 4256 uoluptate
941 4183 1069 4237 medium
1097 4182 1173 4236 illud
1190 4199 1240 4253 po·

145 4275 235 4330 ruerit
253 4275 327 4330 inter
348 4280 526 4346 uoluptatem
544 4288 573 4334 et
591 4281 719 4333 dolorem
734 4284 762 4332 et
779 4285 927 4348 tamquam
945 4277 1070 4346 Epicuro
1089 4275 1241 4329 dicendum

148 4368 254 4434 tuerit,
286 4370 465 4440 uoluptatem
483 4389 544 4428 erre
562 4374 752 4443 uoluptatem.
807 4373 885 4442 Ergo
904 4387 989 4440 quom
1007 4368 1037 4422 in
1055 4365 1161 4422 Moreti
1179 4365 1241 4420 cod.
