2706 5018
289 378 354 445 ΕΤ
376 379 483 447 MAL.
505 377 590 445 Llu.
614 380 644 444 ΙΙ
668 380 763 447 Cau.
784 387 816 446 3.
1042 385 1105 445 149

111 588 126 637 t
150 575 282 641 ullum
313 572 435 638 bonum
457 590 584 661 praeter
601 576 693 655 illud,
716 576 800 662 quod
825 575 897 639 cibo
921 589 953 639 et
970 578 1102 661 potione

110 684 197 746 iarn
233 681 464 746 delectatione
504 697 537 744 et
569 682 711 746 obscena
744 681 911 767 uoluptate
945 685 1103 767 capiatur.

108 813 144 853 rc
174 788 226 853 ab
256 810 299 853 eo
327 810 391 852 uon
421 790 593 852 dicuntur!
638 792 742 865 Quasi
775 811 855 852 nmo
887 811 939 851 me
969 789 1100 872 pudeat,

121 900 309 974 istorum,
340 909 397 959 aut
421 917 485 959 non
509 898 649 980 possim,
699 896 968 979 quemadmodum
993 918 1032 957 ea
1054 895 1102 957 di-

108 1050 115 1081 ,
148 1003 360 1067 ostendere!
403 1001 475 1088 Ego
500 1024 579 1065 uero
603 1024 668 1065 nou
691 1000 825 1079 dubito,
848 1004 999 1087 inquam,
1023 1004 1100 1086 quia

108 1112 259 1196 poesia,
284 1130 345 1171 aec
368 1123 435 1187 est,
461 1110 545 1195 quod
571 1123 602 1171 te
627 1108 747 1194 pruleat
769 1110 909 1192 sapienti
931 1110 1100 1184 adsentiri,

118 1238 247 1289 unam,
274 1215 360 1299 quod
382 1218 505 1293 sciam,
548 1218 729 1299 eripientem
755 1212 899 1299 profiteri
927 1217 970 1277 sit
992 1236 1102 1296 ausus.

110 1321 339 1386 letrodorum
364 1343 429 1385 non
454 1337 531 1407 puto
556 1325 660 1408 ipsum
686 1321 891 1405 professam,
911 1323 980 1399 sed,
1004 1343 1100 1406 quoru

108 1442 229 1493 uretur
262 1425 304 1490 ab
335 1427 498 1513 Epicuro,
541 1430 715 1513 repudiare
750 1441 874 1490 tantum
905 1426 1101 1491 beneficium

108 1559 166 1609 re;
192 1548 323 1619 septem
345 1550 454 1598 autem
480 1534 530 1598 illi
554 1557 618 1597 uon
642 1556 713 1610 stro,
736 1534 792 1596 aed
819 1534 1012 1619 populorum
1034 1536 1101 1597 sus·

119 1644 281 1705 omnium
304 1644 461 1705 noruinati
484 1655 570 1704 suut.
612 1644 643 1703 8.
670 1639 789 1705 Uerum
816 1640 878 1704 hoc
899 1640 971 1705 loco
994 1662 1099 1715 aitrau,

108 1812 116 1863 )
134 1811 201 1863 qur'd
214 1808 348 1861 (limpor.
409 1812 433 1852 et
447 1808 548 1866 potione)
564 1816 608 1851 aut
620 1815 670 1862 pot.
688 1808 750 1851 Gor.
768 1821 812 1853 orn.
829 1809 846 1852 L
903 1814 927 1851 et
941 1808 1041 1861 arariam)
1055 1816 1099 1851 aut

109 1884 376 1939 uero)om.LMPcR
409 1887 547 1939 emmau
577 1886 742 1942 panduntur!
758 1883 868 1927 LMPGR
898 1884 1099 1937 benefitium)do·

108 1963 195 2005 icium
216 1961 237 2004 E
280 1962 394 2017 raurrgto
416 1964 486 2016 ema.)
510 1976 556 2004 um.
578 1966 634 2018 ruff.
658 1957 685 2000 Μ
751 1957 772 2002 θ.
788 1956 917 2002 Ueram-
933 1962 1025 2011 uacaut)
1039 1960 1098 2003 Iton.

108 2044 208 2091 (ueram
222 2060 250 2069 -
267 2038 401 2094 uoluptatis.
416 2038 446 2083 id.
461 2054 482 2097 p.
496 2042 547 2094 396)

108 2193 141 2244 rd
162 2194 308 2247 citellum
327 2197 434 2265 bouum)
447 2194 494 2250 sic
510 2201 586 2248 recte
606 2203 674 2255 uett.
693 2202 755 2254 edd.
776 2200 875 2266 (etium
893 2200 991 2263 Mara,
1009 2199 1097 2256 Crat.»

142 2294 244 2355 postca
265 2288 381 2358 irrepsit
398 2291 480 2362 quid5
518 2288 666 2358 quaritur,
693 2295 835 2362 quodnam
850 2297 942 2348 uliam
961 2296 1097 2363 preterca

121 2378 168 2431 tit.
203 2382 280 2433 Tam
300 2388 350 2433 uret
366 2383 479 2449 potione
507 2397 549 2432 cx.
576 2381 619 2434 ed.
644 2384 659 2434 1
687 2388 818 2456 peruenit
843 2389 870 2441 in
889 2383 1001 2441 Munati
1028 2380 1095 2433 cdit.

109 2489 175 2540 cepr
195 2470 225 2524 iu
244 2479 371 2537 ceteram
390 2480 417 2525 et
434 2474 538 2532 Mara,
566 2473 662 2540 ctu„
681 2477 773 2542 aim,
792 2480 971 2549 restituitque
989 2478 1061 2528 lieu.
1081 2490 1096 2523 c

108 2564 237 2627 meaa„
260 2566 338 2618 aaut.
355 2565 483 2632 (Εξχψ),
505 2573 646 2634 repugnat
665 2569 767 2636 Gaiae,
788 2575 839 2626 red
858 2574 893 2625 dc
912 2572 992 2626 codd.
1012 2572 1095 2621 tacet.

108 2674 156 2707 uro
179 2664 244 2727 port
268 2660 351 2730 quari
376 2657 516 2710 Gruterao
543 2656 650 2713 addidit
677 2679 692 2713 a
719 2665 780 2718 Pur.
800 2666 834 2728 13
871 2672 934 2718 erat
955 2662 1041 2715 etiam
1069 2656 1094 2709 iu

108 2843 298 2895 rmdmodum
313 2842 359 2909 ca)
380 2843 434 2893 ieta
451 2841 537 2894 etiam
556 2842 630 2913 Spir.
668 2849 848 2903 incommodo
867 2854 896 2901 et
914 2841 1094 2915 patidcidcrn

108 2950 155 2987 neu
183 2934 333 3005 repetitur.

108 3027 201 3093 picati)
236 3028 299 3081 Nou
320 3031 362 3079 crd
379 3026 406 3079 ia
433 3029 496 3081 Pu.
523 3029 555 3095 1,
592 3031 645 3083 uiui
665 3049 682 3084 u
707 3048 793 3084 mauu
821 3033 907 3101 tango
935 3022 1091 3080 recentiori.

108 3154 113 3171 .
141 3119 262 3172 Etiamsi
282 3120 309 3171 ci
325 3118 523 3186 substituetis,
553 3123 644 3178 deerit
662 3124 770 3193 aliquid
790 3126 825 3177 ad
845 3122 1030 3178 tentantium:
1049 3134 1092 3171 ra-

112 3210 265 3281 etquidem
285 3212 311 3263 ei
330 3212 459 3282 eapieuti,
482 3214 530 3284 qai
550 3214 604 3269 dre.

108 3304 218 3371 pietatem
232 3306 369 3373 profiteri
384 3307 421 3356 ait
437 3310 534 3371 ouras)
557 3308 617 3361 cat.
637 3308 705 3361 Mai.
730 3309 780 3374 43,
818 3310 895 3363 rtur.
933 3306 993 3360 Non
1013 3322 1093 3375 poma

108 3396 189 3452 ade.
207 3396 286 3461 ola,
304 3416 331 3465 p.
344 3396 464 3451 naun:
485 3396 567 3470 ooqdv
578 3397 607 3455 δὲ
625 3398 726 3472 μηδένα
741 3397 902 3473 φάναιπλὴν
919 3395 998 3455 αὑτοῦ
1014 3418 1091 3468 γεγυ-

120 3488 226 3555 (uerba
250 3488 295 3543 ἐπὶ
321 3484 374 3543 τῶν
400 3490 539 3561 μαθητῶν
562 3500 698 3562 corrupta
725 3500 807 3559 rum3
844 3511 911 3548 uam
938 3508 1029 3561 neque
1057 3492 1091 3542 ud

108 3582 238 3649 pertinere
256 3588 375 3651 pereant
393 3600 485 3651 neque
503 3586 692 3638 memorabile
710 3593 789 3651 erat,
817 3587 871 3641 hoc
891 3602 988 3639 earam
1008 3580 1092 3635 dirci-

108 3672 196 3728 iietam
215 3690 294 3738 aare,
326 3674 374 3727 abi
393 3675 480 3730 etium
496 3674 590 3731 minua
609 3675 770 3732 offensionis
789 3680 927 3738 traheret,
964 3692 1050 3747 quum
1068 3672 1090 3725 ti

117 3768 203 3837 riiir.)

108 3876 142 3915 Ιι
161 3860 352 3913 Metrodorum
370 3876 422 3911 aon
446 3862 532 3929 puto)
558 3864 739 3918 Metrodorus
765 3861 880 3931 Epicuri
905 3860 1020 3927 conlega
1045 3876 1091 3909 su-

108 3954 289 4025 ÷nppeilettrr
310 3952 324 4005 Ι
351 3954 385 4012 N.
411 3952 445 4006 D.
464 3952 532 4019 lid,
566 3972 645 4023 poeue
670 3958 742 4009 aiter
770 3955 908 4023 Epicureo
935 3952 991 4005 hac
1016 3950 1090 4001 libro

119 4052 218 4119 ltaque
233 4062 308 4117 repe
329 4051 471 4115 tamquam
495 4047 553 4100 duo
577 4048 662 4103 itariae
682 4046 836 4118 discipline
863 4043 1003 4117 principes
1023 4058 1089 4094 eon·

108 4142 168 4201 dur,
188 4138 278 4193 Tunc.
289 4136 327 4201 ΙΙ,
341 4136 369 4202 8,
388 4139 421 4191 Ν.
441 4138 476 4191 l).
494 4146 525 4203 1,
541 4138 594 4205 Sd,
612 4143 691 4197 Pau.
709 4142 771 4196 Nan
791 4156 872 4210 pomo
890 4135 1019 4193 errauitcr
1036 4131 1089 4185 dre.

109 4230 178 4297 ,11
216 4230 293 4285 Puto
313 4228 402 4285 etiem
418 4230 478 4285 Pal.
497 4233 532 4294 l,
550 4232 634 4304 Spin,
652 4235 727 4289 Gad.
744 4230 772 4295 ἵ,
791 4249 860 4302 mgu
878 4229 957 4282 ctat.
997 4224 1090 4276 Ceteri

120 4330 188 4381 ute
205 4322 312 4379 unium
331 4330 442 4391 putant.
