2706 5018
125 384 190 448 tte
480 379 542 446 nt:
563 375 743 448 FINIBUS
764 376 870 446 BON.

18 617 21 621 .
129 578 231 639 tinet
255 576 345 638 omni
366 573 538 640 uoluntate
560 577 789 661 sententiaque
812 575 1017 638 eoniunotur.
1069 573 1101 633 0.
1122 569 1163 634 Pr

130 680 239 758 olore,
286 682 411 766 inquit,
454 681 555 759 iacis,
594 702 691 767 quom
713 693 746 744 et
769 702 882 744 eorum
909 679 1096 743 memoriam
1117 690 1163 741 ten

130 809 269 874 quorum
302 798 440 872 uterque
464 786 525 850 tibi
549 799 746 851 testamento
768 783 894 849 liberos
918 806 997 849 auos
1022 806 1163 850 commen

128 896 190 973 uit,
216 907 249 957 et
270 915 408 978 puerunt
432 892 558 980 diligis.
606 892 703 970 Quod
729 907 839 957 autern
858 912 969 955 meurn
992 911 1110 955 monuo
1127 889 1163 954 tir

130 1021 196 1063 non
226 999 376 1085 equidem
410 1020 546 1080 recuso,
590 998 648 1062 sed
680 1011 713 1063 te
743 999 888 1086 adiungo
930 1000 1069 1062 socium.
1126 995 1163 1061 tt

131 1107 230 1170 etiam
249 1103 356 1185 illud,
403 1104 507 1170 multa
529 1107 595 1170 iarn
623 1105 704 1170 mihi
727 1106 805 1170 dare
829 1107 926 1192 aigne
951 1125 1088 1190 puerunt
1109 1113 1163 1186 etq

131 1212 221 1275 doris
244 1224 278 1275 et
299 1213 433 1297 ingeni3
465 1211 523 1276 sed
545 1223 687 1275 aetatem
711 1213 813 1276 uideo.
861 1210 969 1278 Uideo
993 1207 1163 1295 equidern‚i

131 1339 247 1402 quama
290 1317 349 1382 aed
372 1329 482 1380 tamen
504 1318 570 1381 iarn
595 1315 688 1382 infici
711 1317 809 1382 debet
829 1319 871 1381 iis
893 1315 1040 1393 artibus,
1086 1332 1153 1399 quat

132 1422 210 1486 dum
231 1434 262 1486 st
286 1435 398 1502 tener,
430 1422 633 1504 conbiberit,
665 1427 706 1490 ad
729 1427 853 1489 maiora
874 1425 989 1487 ueniet
1010 1422 1152 1505 paratior.

132 1528 206 1606 sica
228 1540 261 1592 et
283 1529 415 1613 quidem
433 1528 627 1617 diligentius
648 1533 846 1617 saepiusque
872 1532 937 1594 iata
951 1526 1162 1615 loquemurin

187 1734 209 1780 t.
221 1732 275 1788 tibi)
289 1739 379 1794 trentp.
394 1741 518 1795 portator
532 1736 553 1782 B
604 1743 698 1783 tutan.
712 1736 752 1784 ΙΙΙ).
769 1739 836 1792 ruat)
850 1737 894 1782 tot.
910 1750 932 1781 e.
946 1735 1040 1784 teoni.
1086 1742 1163 1790 ptem

132 1811 213 1859 orass
241 1810 298 1867 itm)
312 1813 393 1859 our-13
420 1814 545 1870 11⁸)th
569 1820 594 1859 et
607 1815 710 1872 quiden)
724 1815 837 1872 equidm
851 1811 964 1858 LPMOR

134 2000 253 2066 cetteue,
283 2007 341 2056 ton
357 2005 654 2072 neccommittam,
673 2004 702 2059 in
722 2021 778 2075 que
796 2000 934 2057 orationis
951 2001 1048 2054 torma
1066 2010 1163 2066 conpar

132 2090 229 2163 aliqua
248 2110 308 2146 erro
326 2093 440 2148 uidetur
457 2097 584 2151 omnium
603 2106 632 2151 et
658 2097 754 2168 ipriur.
797 2095 829 2149 In
849 2088 981 2163 margine
1006 2091 1085 2144 etttt
1112 2089 1163 2142 Ιιιι

133 2183 284 2238 uinearum
310 2187 478 2242 adnotatum
514 2191 682 2244 ”Fortntrot
718 2207 797 2258 quom
822 2186 904 2240 robur
928 2184 1052 2238 omnious
1069 2180 1163 2235 exortia

133 2275 237 2330 Paullo
258 2281 322 2347 poet
340 2278 385 2344 (9)
406 2280 493 2334 Gaiae
512 2281 554 2336 ait
570 2280 598 2335 in
627 2283 688 2337 Eri.
714 2290 743 2336 et
761 2280 836 2352 Spin.
865 2296 941 2333 erre:
979 2294 1045 2331 auor
1071 2279 1163 2329 tutu«

134 2367 252 2432 liberor,
271 2386 369 2424 errant
388 2373 424 2425 tie
441 2374 503 2428 Eri.

203 2460 230 2514 o.
266 2460 330 2526 Sic,·
348 2465 514 2538 etquidem)
535 2466 717 2520 Deteriorum
736 2465 865 2520 codicum
880 2456 1163 2535 scripturo(1’att.‚tt

134 2551 186 2605 Gai
204 2559 306 2623 prater
324 2556 385 2608 Eri.
405 2563 434 2609 et
449 2556 540 2627 Spin.)
560 2558 739 2612 defensorem
761 2566 844 2612 nacte
862 2560 890 2610 rt
912 2555 1070 2618 flentium,
1088 2546 1162 2622 quit

133 2647 199 2698 toti.
215 2651 242 2698 11
261 2665 288 2716 p.
314 2646 366 2701 428
394 2666 427 2701 ox
452 2649 509 2703 hoo
533 2649 596 2703 loco
625 2658 653 2704 et
671 2647 736 2704 aliie
762 2669 817 2704 non
845 2647 1014 2723 netioriirur
1034 2647 1100 2714 (cir.
1123 2643 1163 2711 011

134 2743 207 2791 nort.
233 2737 320 2791 Acuti.
347 2758 373 2809 p.
399 2741 467 2808 tor)
494 2741 625 2796 Ciceroni
657 2741 782 2796 uindicat
808 2742 931 2816 equidem
956 2737 1065 2811 plurali
1086 2737 1163 2791 iuret!

134 2846 307 2901 quamquam
326 2831 392 2901 quid
411 2840 505 2886 ereetr
542 2834 583 2887 ric
598 2833 721 2908 equitent
739 2835 903 2904 diligentior
920 2834 977 2885 ieta
997 2833 1163 2906 loqueum!

134 2923 192 2978 lem
212 2926 402 2986 nectareum
441 2941 507 2978 nam
526 2924 598 2979 mitri
617 2943 708 2996 neque
727 2928 768 2979 eie
786 2945 850 2981 cum
870 2925 973 2980 eeteriu
993 2914 1163 2979 coherenti

133 3021 179 3068 tur
201 3034 292 3088 nequo
310 3017 433 3091 equidem
452 3017 604 3088 quicquam
623 3018 795 3090 significare.
842 3021 985 3089 Adparet,
1018 3017 1163 3080 Catanen}

72 3114 76 3123 ’
134 3125 213 3163 mum
231 3108 384 3176 otrentiri,
421 3112 482 3165 tum
503 3109 612 3179 aliquid
638 3113 744 3165 addere
770 3113 810 3173 (et
836 3111 968 3185 quietern).
1029 3112 1163 3178 ltaqaert

135 3201 276 3257 Gruterut
295 3220 311 3257 e
331 3204 394 3257 Pol.
413 3202 430 3256 l
449 3202 592 3270 (paratior
612 3202 649 3254 tit
668 3202 832 3276 etquidem)
851 3201 879 3256 iti
900 3201 1013 3268 eeieeit,
1032 3201 1106 3274 quot
1119 3195 1163 3253 Bt!

133 3291 207 3362 Spir.
228 3295 406 3349 confirment.
455 3295 563 3349 Uerum
583 3303 713 3364 ruperant
733 3294 890 3360 dubitatio,
926 3312 996 3348 num
1016 3288 1153 3348 Cicerei!

134 3401 216 3439 renea
237 3387 410 3440 declarando
429 3405 492 3441 cum
504 3385 666 3442 huiuamodi
685 3387 867 3442 adiunctione
881 3386 956 3440 nude
974 3387 1016 3438 eie
1030 3382 1163 3452 dixerim

138 3477 215 3544 opud
233 3477 357 3531 comico·
375 3478 404 3532 in
424 3481 619 3551 respondendo
637 3477 752 3550 ponitur
781 3482 913 3548 (Terent.
939 3478 1057 3533 Phor-ar.
1076 3472 1163 3541 ttt,t.

133 3558 200 3622 nuru
218 3569 246 3622 in
265 3571 371 3625 Heaut.
392 3578 450 3638 111,
468 3573 502 3639 2,
520 3573 556 3626 12
574 3574 614 3625 eie
633 3574 703 3625 rotie
722 3572 779 3627 alio
792 3573 875 3626 modo
894 3571 1014 3637 dieitur,
1029 3578 1062 3626 ut
1073 3570 1101 3624 in
1113 3566 1163 3625 tto

133 3654 165 3721 1:
183 3660 219 3726 2,
256 3661 293 3716 95
310 3662 351 3715 oio
368 3665 501 3733 tenuiter)
521 3670 550 3719 et
567 3664 640 3735 apud
660 3662 753 3735 iprum
773 3665 938 3719 Ciceronem
957 3662 1083 3735 Philipp.
1101 3660 1146 3727 ΙΙ,

137 3752 219 3807 Uieue
237 3755 336 3824 igitur,
360 3764 386 3809 ta
405 3757 583 3826 inspiciantur
600 3776 618 3811 a
633 3755 749 3826 puero?
769 3757 833 3823 Sic,
861 3758 977 3826 opinorq
995 3775 1014 3810 a
1029 3751 1161 3825 principit

132 3846 250 3900 diamur.
290 3847 773 3921 <steentmr0ct0110urtngnur,
810 3867 884 3904 nou:
920 3850 961 3903 rio
980 3847 1098 3918 opiner.)
1128 3844 1163 3901 itt

131 3938 256 3993 Lbinuot
275 3939 322 3992 Sic
340 3949 397 4005 eet,
418 3944 570 4018 etquidem
589 3942 642 3997 &u
671 3945 729 4010 (Do
749 3944 784 3996 tt.
806 3942 840 3996 Ρ.
859 3943 890 4008 Ι,
908 3941 963 3996 ot=
980 3942 1038 4008 Sio,
1055 3936 1151 4016 inquit,

130 4030 199 4101 Ter.
219 4030 306 4087 Andr.
325 4033 371 4099 li,
392 4034 427 4100 l,
445 4034 460 4086 l
484 4033 550 4103 Cre.)
578 4034 634 4089 Seri
652 4035 814 4089 detenditur
829 4034 869 4088 oie
886 4032 1078 4089 rimititrrdine
1093 4026 1163 4089 ποὺ

129 4120 264 4177 rimiliter
282 4124 388 4194 potito,
409 4126 496 4181 etiam
513 4125 562 4181 utri
580 4128 663 4182 nulia
683 4127 818 4199 precedit
834 4127 1035 4199 interrogatio,
1051 4129 1086 4181 trt
1100 4122 1163 4181 iniit

130 4213 166 4269 27
186 4222 215 4270 et
233 4217 319 4273 Ture.
340 4219 384 4282 11,
414 4218 465 4284 67,
497 4217 549 4273 otei
568 4219 719 4293 utrobique
736 4219 851 4274 aititur
867 4236 988 4290 proruere
1006 4219 1074 4288 (eir.
1093 4214 1163 4275 too

130 4311 174 4368 rt.
201 4306 237 4360 te
253 4317 317 4380 poet
335 4309 613 4381 interrogationem).
663 4314 729 4368 Mox
750 4314 786 4366 de
803 4313 959 4369 reciderent
979 4312 1039 4370 att.
1056 4311 1092 4369 ri
1109 4314 1151 4379 tt.

131 4398 279 4457 trabebant
295 4402 335 4458 rio
355 4402 441 4459 etiam
462 4400 546 4460 ttiut
565 4403 633 4458 tion
652 4403 846 4477 manuteripti.
888 4408 894 4417 “
