2706 5018
137 336 222 404 XVl
556 340 812 410 PRAEFATIO.

135 544 180 586 ex
215 525 359 609 antiquis
393 525 559 591 codicibus
588 527 740 593 adnotari
778 540 858 614 puto
887 526 1007 592 debere
1039 541 1072 591 et
1100 543 1227 596 tantum

135 626 176 692 ab
200 629 260 708 iis,
284 631 339 714 qni
359 631 448 715 ipsos
470 631 599 719 cotflces
622 648 775 714 tractant,
798 647 866 697 turn
889 637 988 698 etiam
1012 656 1112 700 noces
1134 636 1225 702 Grec·

134 756 189 799 cas
211 735 340 800 Latinio
360 734 481 800 litteris
500 760 678 826 expressas
698 755 731 806 et
753 740 855 805 uerba
874 740 959 823 male
981 742 1089 807 diuisa
1112 745 1161 826 (nt
1180 743 1223 820 lt,

132 843 175 906 26
196 851 348 928 negatum
371 862 466 928 quom
488 866 547 929 pro
570 856 673 932 negat
696 868 864 932 unquam,
913 861 945 912 et
966 846 1045 912 ibid.
1069 869 1170 913 cenae
1190 869 1225 913 ae

133 960 167 1011 et
190 947 244 1028 ΙΙ,
275 950 338 1013 1⁰5
357 958 454 1034 tropo
475 953 616 1034 eorum);
656 953 785 1019 litteras
808 957 917 1029 eninr,
963 977 1044 1050 quas
1067 955 1225 1021 librarius

131 1053 289 1141 religiose
312 1058 433 1143 pinxit,
455 1061 641 1144 qnoerimus,
662 1080 725 1122 non
741 1061 845 1145 ipsius
866 1061 1034 1125 iudicium.
1081 1062 1225 1127 Detraxi

133 1163 231 1224 etiarn
254 1160 306 1225 lat·
326 1176 358 1227 et
371 1162 437 1227 Μία
458 1163 548 1248 (de‘jr)
567 1186 626 1250 pro
652 1171 682 1228 ιἰ·
697 1179 729 1229 ct
753 1171 797 1228 e'c‘r
819 1156 1023 1253 scriptum,¹)
1046 1181 1115 1233 tum
1133 1189 1225 1232 erro·

132 1289 185 1332 res
207 1269 364 1355 quosdam
387 1272 421 1335 in
453 1273 643 1335 notissnmis
672 1272 859 1337 nominibus
890 1276 1051 1360 propriis,
1097 1285 1132 1336 ut
1159 1270 1227 1337 Sed

132 1372 292 1458 replebor
313 1397 372 1462 pro
400 1373 619 1460 Synephebos.
689 1377 807 1443 Paucis
837 1380 937 1443 etiarn
969 1379 1052 1444 locis
1077 1401 1143 1443 non
1168 1380 1223 1444 ad·

133 1493 261 1560 notata,
307 1504 379 1568 quae
402 1485 523 1569 saepius
546 1483 681 1562 accidit,
728 1485 875 1549 ciusdem
903 1488 996 1550 nocis
1031 1489 1224 1572 geminatio,

134 1599 169 1649 nt
188 1585 220 1664 l,
264 1590 327 1652 st:
370 1588 549 1654 laudandis
570 1587 748 1653 sanioribus
776 1590 954 1655 mucoribus
985 1599 1075 1655 rucis.
1149 1591 1224 1678 lpse

132 1693 239 1756 codex
282 1694 506 1777 (chartaceus,
551 1696 665 1759 formae
708 1700 889 1780 maxumre)
924 1710 961 1762 ut
992 1712 1041 1762 cst
1081 1702 1224 1765 minume

131 1802 306 1886 antiquos,
360 1801 578 1886 (Goerenzius
617 1802 720 1867 seculi
760 1803 831 1867 XV
870 1805 966 1883 dicit,
1010 1804 1051 1868 nd
1088 1825 1141 1869 mc
1185 1805 1224 1867 de

131 1918 227 1969 utute
255 1907 338 1971 nibil
367 1913 584 1998 perscriptum
608 1923 639 1973 st
660 1912 852 1973 externisue
875 1912 947 1973 eius
968 1911 1125 1994 indiciis),
1147 1913 1225 1974 scri-

132 2009 231 2075 bendi
265 2017 428 2080 rationem
468 2015 569 2081 habet
597 2018 738 2080 recentis
770 2018 876 2079 rotatis
908 2018 957 2099 (nt
988 2015 1073 2099 hijs,
1119 2014 1225 2078 Grece

132 2130 165 2182 et
186 2119 327 2200 similia,
356 2119 612 2200 Thermitanus,
637 2126 822 2201 urrcncior,
859 2119 1088 2200 dffnlcr'ones,
1112 2118 1224 2203 utc'cda')

133 2225 245 2291 multis
285 2230 438 2315 uestigiis
480 2230 605 2291 ueteris
646 2231 748 2291 moris
788 2229 1004 2313 permixtnm3
1044 2239 1081 2290 ιιι
1123 2230 1225 2290 inter·

132 2333 208 2397 dum
220 2333 375 2398 scribitur
387 2341 478 2418 apul,
501 2333 554 2398 bic
567 2332 635 2397 illic
647 2332 832 2397 adhibentis
846 2347 879 2398 et
897 2334 1020 2399 similia
1034 2337 1221 2398 accusatiuo

131 2459 227 2517 cusu,
252 2441 407 2518 cottidie,
431 2441 520 2519 uolt,
541 2448 696 2503 secuntur
704 2464 715 2518 3
758 2462 851 2525 panno
874 2452 1030 2526 perpetuo
1054 2438 1222 2518 librarius,

130 2569 227 2632 quom
254 2549 286 2609 in
312 2545 515 2633 exemplari,
538 2545 623 2631 qnod
644 2542 861 2630 sequebatur,
888 2559 975 2610 esset
996 2555 1124 2625 tracter,
1145 2548 1224 2610 fecit

129 2661 250 2715 notter.
285 2650 434 2714 Laudem
446 2665 554 2715 antem
577 2664 610 2714 et
622 2652 827 2736 dignitatern,
850 2672 921 2736 qnae
939 2628 1016 2715 hiric
1038 2653 1142 2717 codici
1156 2675 1222 2717 ma-

129 2780 232 2825 xuma
250 2757 399 2838 debetur,
421 2756 521 2821 habet
541 2777 671 2822 omnem
695 2780 715 2821 n
737 2778 859 2842 genere
882 2771 914 2820 et
930 2756 1007 2836 fide,
1031 2758 1064 2821 id
1091 2772 1155 2832 est,
1180 2758 1222 2823 ab

130 2868 264 2952 antiqno
276 2849 308 2929 et
320 2867 509 2951 incorrupto
523 2862 709 2948 exemplari
722 2885 849 2927 sunmra
861 2864 1095 2949 superstitione
1117 2868 1223 2952 magis

129 2994 226 3058 qnam
251 2970 317 3035 fide
342 2993 504 3057 expresso
527 2973 599 3036 sine
621 2971 691 3035 ullo
713 2969 827 3034 librari
853 2983 972 3050 con-atu
993 2969 1223 3054 intellegendi,

129 3077 216 3162 qnod
240 3098 304 3138 non
325 3076 547 3161 intellegeret.
592 3077 749 3141 Peritlatn
770 3079 892 3139 ueteris
910 3075 1111 3158 exemplaris
1134 3090 1222 3141 recte

129 3180 262 3268 legendi
292 3180 564 3266 diligentiamque
594 3181 685 3246 lente
716 3196 749 3245 et
783 3196 877 3245 caute
907 3181 1071 3247 scribendi
1100 3204 1222 3269 magno

130 3308 231 3372 opcrc
266 3286 502 3352 desideramus.
571 3284 657 3350 Nam
688 3289 826 3373 primum
859 3287 962 3353 uerba
993 3309 1080 3372 saepe
1110 3291 1222 3352 omisit

130 3393 203 3480 (lib.
225 3391 261 3470 l,
306 3397 345 3456 ll
368 3403 423 3473 ut,
449 3396 491 3458 12
521 3393 633 3470 modu,
680 3395 723 3457 27
753 3399 826 3457 eius
846 3406 879 3458 ct
903 3403 1005 3474 ercet,
1046 3397 1089 3457 29
1121 3396 1222 3479 idque

127 3503 275 3564 institnit
296 3500 425 3581 docere,
446 3504 489 3564 att
513 3509 638 3564 tuntum
661 3511 694 3563 et
714 3505 821 3579 tutem
841 3503 884 3564 ts
906 3501 1045 3576 dolores,
1068 3501 1110 3560 49
1129 3500 1220 3574 illus,

126 3608 167 3669 ol
193 3604 339 3689 inprobe,
359 3609 402 3672 stt
423 3608 483 3685 ud,
507 3609 550 3671 63
572 3611 700 3685 atatis,
722 3608 766 3669 64
786 3609 997 3685 occultorum,
1020 3608 1064 3668 69
1084 3611 1144 3690 qui
1164 3626 1220 3669 ue·

128 3715 522 3793 manumittentes,
555 3715 599 3778 72
620 3721 766 3788 tantam
795 3734 860 3776 non
884 3712 1056 3777 numerani
1079 3714 1221 3797 particu-

150 3984 178 4050 ¹)
198 3983 292 4049 Quam
308 3998 409 4037 nerum
427 3983 482 4036 boc
503 3983 552 4046 sit,
569 4001 622 4053 pro
641 3987 676 4037 ι’ἱι
698 3985 837 4054 scriptum
857 3998 920 4035 cssc
939 3984 1003 4045 latis,
1020 3984 1124 4037 deinde
1144 4000 1219 4054 supe

195 4075 304 4128 lactum
320 4079 364 4130 lais
381 4075 474 4149 (qnod
493 4092 605 4147 semper
621 4077 747 4144 notaui),
765 4074 931 4128 clarissumo
950 4074 1094 4146 adparctc
1112 4076 1219 4128 talibus

196 4166 325 4231 mendis,
342 4169 427 4241 quale
445 4177 473 4223 st
490 4170 522 4223 in
539 4167 600 4222 Erl.
620 4168 664 4232 V,
685 4174 720 4231 o,
737 4167 788 4220 ubi
808 4182 843 4221 en
860 4168 972 4221 tacuisse
996 4170 1041 4221 uis
1061 4167 1170 4221 lactum
1192 4176 1218 4220 st

195 4262 277 4316 nouis
294 4279 344 4317 seu
362 4263 407 4324 is,
425 4260 530 4316 deinde
548 4263 630 4316 nonis
648 4279 697 4315 sert
723 4260 786 4334 bijo.
