2706 5018
124 361 167 422 re
477 355 537 419 aa
558 351 736 422 sturnus
759 352 863 421 sou.
913 336 917 355 '

126 571 280 638 maguum
310 547 491 636 periculum
514 549 606 614 adiit.
627 584 669 596 -
693 549 730 613 ln
755 550 861 615 oculis
885 549 1017 637 quidem
1039 553 1212 625 exercitu,

126 657 279 734 -Quid
307 677 353 720 ex
384 679 424 720 eo
448 670 479 720 st
501 656 718 721 consecutust
748 693 791 706 -
814 657 963 722 Laudem
981 669 1016 722 et
1038 659 1190 735 caritates,
1209 646 1212 737 l

127 787 211 853 quae
239 777 315 828 eunt
341 766 429 827 uitae
464 766 535 827 sine
569 777 658 827 metu
691 764 860 849 degendae
898 763 1064 848 praesidia
1098 754 1212 835 firmite-l

127 895 231 937 suma.
254 906 296 922 ·-
315 869 438 935 Filium
461 885 565 934 morte
592 869 754 934 multauit.
778 874 876 938 -Si
898 874 971 936 sine
991 890 1120 949 cauere,
1139 850 1212 933 ool·¹

127 981 194 1045 lem
222 1001 274 1044 me
303 976 345 1042 ab
373 1000 413 1041 eo
440 990 567 1056 ortum,
613 991 679 1042 tam
709 981 886 1064 inportuno
919 991 1050 1064 tamque
1074 973 1196 1051 crudelit-

127 1090 198 1166 sin,
244 1100 281 1149 ut
310 1085 424 1149 dolore
448 1106 509 1149 euo
533 1087 675 1149 sanciret
699 1085 852 1150 militaris
883 1088 991 1172 inperi
1013 1082 1192 1169 disciplima

128 1195 377 1278 exercitumque
404 1194 437 1255 in
466 1194 674 1277 grauissumo
699 1190 789 1256 bello
812 1194 1106 1257 animaduersionis
1127 1198 1192 1253 metr

127 1303 322 1375 contineret,
343 1298 441 1363 saluti
465 1300 638 1384 prospexit
661 1299 795 1378 ciuium,
818 1320 882 1385 qua
905 1287 1119 1385 intellegebat
1138 1313 1193 1359 oon·

128 1409 225 1473 tineri
248 1427 353 1469 suam.
418 1407 471 1467 36.
490 1403 600 1490 Atque
625 1403 706 1468 haec
730 1408 814 1468 ratio
836 1404 903 1469 lete
926 1418 1030 1491 patet.
1093 1401 1127 1466 ln
1147 1418 1193 1486 qut

128 1517 215 1577 enim
247 1529 401 1574 maxume
432 1512 603 1573 consueuit
633 1513 754 1576 iactare
784 1524 897 1575 uestra
926 1531 963 1574 se
996 1512 1117 1586 oratio,
1153 1519 1194 1570 tut

128 1620 339 1707 praesertim,
381 1618 437 1701 qui
465 1617 611 1680 studiose
635 1621 769 1704 antique
790 1619 1019 1703 persequeris,
1066 1614 1195 1679 claruet

129 1723 269 1790 fortibus
291 1724 372 1787 uiris
396 1724 696 1804 conmemorandis,
728 1747 906 1810 eorumque
926 1724 1022 1788 iactis
1046 1743 1108 1786 nou
1129 1734 1197 1783 ent·

129 1833 275 1898 lumento
306 1828 437 1915 aliquo,
482 1832 540 1896 sed
568 1833 672 1914 ipsius
692 1831 875 1896 honestatis
898 1833 1016 1897 decore
1039 1822 1199 1899 laudandis,

129 1940 163 2003 id
193 1951 297 2003 totum
326 1939 485 2000 euertitur
515 1960 554 2001 eo
578 1936 707 2002 delectu
731 1961 858 2018 rerum,
904 1960 1000 2025 quem
1021 1936 1114 2001 modo
1133 1927 1203 2005 dixi.

131 2048 329 2122 constituto,
364 2054 400 2104 ut
430 2056 488 2106 aut
519 2042 705 2131 uoluptates
730 2049 921 2110 omittantur
945 2047 1105 2127 maiorum
1126 2034 1202 2103 uolu-

130 2164 256 2236 ptatum
286 2149 568 2234 adipiscendarum
599 2174 715 2216 caussa
745 2166 801 2217 aut
830 2151 962 2221 dolores
1004 2149 1202 2234 suscipient&

131 2259 292 2320 maiorum
315 2253 465 2319 dolorum
489 2258 753 2344 effugiendorum
777 2261 895 2345 gratie.

220 2360 286 2427 Xl.
331 2363 384 2424 37.
417 2361 483 2427 Sed
510 2363 551 2426 da
579 2362 741 2429 clarorum
770 2365 938 2429 hominum
962 2363 1058 2428 fectis
1079 2348 1203 2424 inlustri·

186 2576 288 2630 quidem)
301 2578 379 2625 orul.
423 2576 558 2636 inportuno)
573 2583 753 2637 inoportunoc
788 2583 901 2636 sanciret)
915 2578 1058 2627 sentiretis
1090 2574 1203 2626 aaut*

132 2652 218 2697 tumR
281 2653 622 2709 su.haec)auaoe0n1’muu
657 2659 713 2710 lete)
726 2660 823 2703 sotlec
848 2658 938 2711 nostre)
952 2655 1073 2701 noetross
1100 2650 1205 2712 penti*

134 2729 377 2786 admoneremur
411 2732 479 2786 utris)
495 2734 614 2779 utrum?
650 2734 774 2788 auertitur)
790 2734 948 2791 quoertturo
983 2709 1205 2785 delectauit!mr

134 2807 275 2852 ueuuruss

204 3004 229 3049 rt
247 3000 420 3062 consecutur)
457 3001 489 3052 ln
508 3001 550 3053 ed.
570 3002 690 3067 linunt,
708 3001 816 3065 Laruis„
836 3003 920 3064 llam,
941 3001 1008 3052 Era.
1029 2993 1139 3066 irrepsit
1155 2998 1212 3042 m·

135 3097 245 3140 serutue
262 3098 312 3144 eet.
350 3092 512 3146 Reuoeeuit
528 3094 652 3146 alterum
672 3092 759 3147 Gaius
779 3112 812 3146 ex
832 3092 904 3157 Eri,
919 3091 1007 3162 Spin,
1028 3088 1141 3153 (iudi,
1155 3084 1212 3138 llw

135 3188 167 3234 ln
187 3183 260 3236 Gud.
280 3181 298 3234 2
318 3190 380 3236 crat
397 3186 580 3256 consequitur.
614 3168 617 3175 ¹

204 3273 248 3326 36.
285 3275 374 3344 Atque
391 3276 448 3327 lroec
473 3277 558 3344 ratio)
593 3278 751 3330 Commune
779 3277 913 3329 mendum
938 3275 1115 3330 deteriorum
1141 3275 1212 3343 “l'‘

137 3366 173 3417 od
192 3365 268 3427 ltoec3
287 3382 351 3419 neus
371 3367 411 3419 ric
428 3369 461 3435 ξχ
481 3378 509 3424 et
531 3371 667 3439 '’plures”
689 3369 801 3423 Gaiani.

203 3459 292 3522 sortis
319 3475 372 3510 noo
398 3460 575 3513 emolumento
601 3464 695 3535 aliquo
714 3492 748 3502 -
766 3461 927 3529 laudandis)
954 3462 986 3513 ln
1006 3459 1051 3513 ltin
1069 3456 1212 3514 euletico!

138 3567 192 3602 non
219 3558 277 3604 tem
304 3568 433 3605 causeam
452 3554 632 3625 siguificare,
672 3559 904 3626 utpropropter
924 3552 1106 3624 penituerit,
1142 3562 1212 3623 {¹⁸¹

136 3658 194 3712 qua
210 3656 292 3715 purte
311 3662 355 3696 ree
373 3654 524 3701 censeatur
542 3656 571 3703 et
590 3657 772 3714 assumetur,
802 3654 880 3700 recte
898 3646 966 3701 Otto
983 3641 1142 3709 intellexit3
1177 3658 1212 3699 ee

137 3736 201 3788 dem
220 3736 304 3789 modo
323 3733 373 3791 ⁴22
408 3741 605 3809 gubernatoris
634 3758 737 3794 ore-
754 3741 894 3805 utilitate,
932 3756 987 3791 uon
1004 3745 1066 3791 arte
1085 3738 1212 3791 laudata

136 3833 178 3886 Ne
197 3833 271 3887 illud
289 3832 404 3903 quidem
423 3834 508 3904 longe
527 3834 666 3898 discedit,
685 3834 760 3902 quod
779 3839 824 3894 11,
845 3831 881 3885 83
899 3831 1024 3903 legitera
1051 3831 1077 3883 ei
1088 3831 1212 3896 fructibus

128 3928 165 3977 'et
183 3925 410 3979 emolumentium
427 3928 596 3981 utilitatibus
613 3926 750 3980 amicitiae
770 3927 910 3984 colemus,-
927 3929 969 3977 eet
988 3923 1064 3977 euim
1080 3924 1160 3977 feres
1179 3939 1212 3996 pn

137 4016 267 4088 portione
283 4018 432 4071 fructuum
452 4019 505 4074 dte.

208 4111 518 4178 decumbentem
536 4113 565 4167 io
584 4115 760 4186 erchetypm
795 4127 861 4165 nem
886 4107 972 4161 etiam
1000 4124 1067 4178 uago
1086 4108 1165 4162 Crat.
1183 4108 1212 4162 dt

133 4205 230 4268 flexu,
253 4204 316 4257 cod.
333 4203 407 4259 utet
427 4206 556 4271 deflectu,
576 4214 604 4261 et
622 4207 711 4260 Gaius
731 4205 839 4259 scribae
858 4199 899 4256 uit
915 4200 964 4253 ”iu
982 4198 1077 4254 onuie
1095 4199 1166 4268 elia,
1183 4200 1212 4255 de

134 4297 223 4362 fient,
242 4297 366 4361 defluxu,
386 4297 508 4361 defectu,
528 4299 660 4370 uagari?
