2706 5018
329 355 387 422 ΕΤ
410 353 521 422 Met..
542 354 627 422 Llli.
650 357 681 422 V
705 356 801 423 CAP.
822 360 874 423 25.
1083 364 1144 426 rat

102 572 148 614 eru
172 571 237 636 ego
261 572 325 614 nou
352 570 494 635 quaero,
517 551 593 636 quid
618 546 678 614 tibi
701 573 720 614 e
741 572 793 615 me
816 549 986 637 probatum
1009 556 1063 631 eit,
1087 555 1144 617 eed

100 659 132 721 ic
158 653 312 721 Ciceroni
342 667 473 735 nostro,
519 675 614 741 quem
642 655 840 742 discipulum
871 661 969 744 eupio
990 681 1010 723 n
1034 671 1067 722 te
1088 656 1146 722 ab·

100 783 181 826 ¹ecre.

144 864 290 946 XXVI,
333 869 386 931 Ί6.
430 864 519 929 Τιιιιι
553 863 694 942 Lueiue,
741 864 828 930 Mihi
857 886 938 930 uero
961 868 1025 929 iste
1048 866 1145 931 uelde

100 971 189 1036 ubete
212 984 308 1050 eunt,
356 972 441 1056 qtrod
467 973 551 1035 item.
570 971 663 1034 fratri
685 984 776 1053 puto.
847 970 934 1035 Tum
953 971 1033 1034 milti
1056 970 1146 1049 Piso,

100 1079 142 1143 nid
165 1076 265 1163 ergoi
289 1079 415 1161 inant3
458 1077 558 1140 dasne
581 1075 785 1140 adulescenti
807 1076 961 1140 neuiemi
1003 1098 1044 1140 un
1069 1097 1144 1143 euru

100 1203 180 1248 teere
205 1205 246 1246 ee
268 1183 394 1259 mairie,
438 1202 522 1265 quae
545 1204 641 1267 quom
663 1181 762 1269 plane
786 1181 1016 1267 perdidicerit,
1061 1180 1144 1244 nibil

111 1421 168 1473 ete)
184 1419 214 1463 ab
230 1425 256 1462 tc
271 1417 293 1462 tt
307 1418 367 1462 tec
434 1418 470 1463 tt.
488 1417 550 1463 Tum
571 1418 637 1473 mibi)
660 1418 723 1463 fara
741 1419 807 1463 alltll
819 1420 840 1464 ir
882 1432 911 1464 ea
925 1418 1008 1475 unia)
1021 1431 1052 1464 at·
1068 1433 1090 1465 e·
1105 1419 1145 1464 tc

100 1507 125 1539 ue
138 1493 297 1552 perdidicerit)
310 1493 387 1550 plane
400 1495 541 1549 perdiderit
555 1494 576 1538 Β
586 1494 713 1550 preclare
728 1497 847 1541 didicerit
861 1500 928 1550 cetu,
942 1496 984 1541 0r.

128 1704 194 1772 Cep.
212 1702 334 1767 XXVI,
355 1702 401 1756 76.
438 1704 510 1776 quod
527 1703 591 1756 item
607 1704 700 1769 fratri
713 1702 794 1771 palo)
814 1702 933 1758 Poterat
950 1705 1060 1757 dicerer
1075 1711 1146 1773 poto

100 1812 120 1847 ι
131 1796 222 1861 fratri
240 1794 314 1861 (uid.
332 1796 367 1847 ed
387 1801 424 1856 11,
444 1795 512 1862 16),
529 1796 578 1848 aed
598 1792 734 1849 oraliuuie
753 1793 906 1848 uincienda
924 1812 1024 1849 cautae
1041 1813 1145 1864 prono·

100 1904 121 1939 ta
135 1886 226 1957 poenit
244 1904 296 1940 nec
313 1893 408 1940 tumea
428 1889 541 1958 plenem
565 1885 723 1941 orationem
741 1885 808 1939 leoit
826 1888 913 1954 (quod
932 1888 994 1938 itere
1010 1887 1037 1938 ia
1050 1889 1147 1953 fratre

100 1980 162 2031 taire
173 1985 252 2047 peto,
273 1985 306 2030 ot
323 1979 379 2031 ieta
398 1980 425 2031 ei
440 1980 561 2047 predata
586 1979 666 2045 rint).
702 1980 801 2048 ltaque
819 1976 944 2031 einedem
959 1978 1072 2049 grueria
1091 1980 1146 2032 boc

100 2075 196 2140 tatque
212 2069 285 2123 illud
304 2069 331 2123 in
353 2071 414 2123 cet.
433 2070 483 2124 tte
520 2070 598 2122 cuiue
616 2087 634 2121 a
655 2085 698 2122 ere
715 2086 819 2138 corpur
836 2076 985 2124 crematum
1003 2077 1048 2132 et,
1073 2072 1146 2144 qood

100 2167 150 2214 tlra
165 2162 273 2223 decuit,
292 2162 326 2213 ab
347 2162 396 2212 illo
414 2178 501 2213 meum
519 2160 585 2228 (etr.
605 2160 672 2214 net.
692 2160 747 2226 to,
765 2177 817 2232 pra
835 2162 948 2231 Quirini.
967 2161 1035 2229 87);
1055 2180 1146 2232 aeque

100 2251 195 2316 litem,
214 2252 237 2306 ei
255 2252 396 2306 sententie
413 2251 551 2306 orationis
567 2250 608 2306 ile
627 2254 718 2317 ierat,
737 2251 847 2307 diecret
867 2255 936 2307 midi
950 2256 1069 2323 predata
1087 2255 1146 2308 itero

100 2350 130 2406 tt,
146 2346 217 2419 quod
228 2350 325 2397 eontra
338 2345 430 2409 ‚tratri
444 2351 521 2412 puto.
557 2345 631 2409 (Cir.
643 2345 791 2398 [rueretint
803 2352 825 2409 1,
843 2344 901 2410 st.)
929 2346 1050 2400 Prortue
1070 2345 1146 2399 uiue-

100 2450 122 2487 ι
132 2435 244 2507 generis
262 2444 313 2500 eet,
331 2437 380 2488 red
392 2434 484 2489 minna
495 2434 653 2506 expedirem
672 2436 814 2489 rationem
824 2435 962 2489 orationi·
980 2437 1015 2489 nd
1029 2437 1146 2505 plenem

100 2540 174 2582 mm
194 2528 359 2580 reuocando
377 2528 480 2589 habet,
503 2527 576 2595 quod
596 2528 609 2594 6
626 2526 662 2579 Sd
678 2529 816 2598 seriptum
834 2531 876 2581 eie
895 2526 969 2597 puori
984 2527 1075 2578 recedi
1091 2544 1147 2579 uon

100 2632 121 2671 ι
136 2618 296 2686 (celleinnt,
317 2617 405 2671 uteie
423 2616 519 2670 ornnie
538 2634 663 2671 connexe
681 2619 761 2685 rint),

121 2710 205 2779 plana
218 2710 413 2777 perdidicerit)
451 2710 536 2762 Henc
557 2708 726 2779 scripturum
754 2708 844 2762 Geiue
869 2723 980 2777 quoquc
1006 2705 1148 2764 intellexit

100 2800 210 2863 ettad
227 2799 256 2854 in
275 2799 369 2871 Spin,
390 2801 419 2853 in
438 2817 494 2869 qun
514 2802 591 2854 crete
610 2801 699 2868 plane
708 2800 877 2869 perdidicit,
915 2806 943 2852 et
961 2799 1143 2870 Beleugeuei.

100 2906 171 2947 trena
191 2894 227 2947 ad
252 2894 338 2945 tinem
364 2878 504 2961 perducire
534 2889 689 2960 disciplima
711 2888 875 2945 Carneadi·
906 2891 981 2943 irene
1004 2906 1145 2943 eumenem

100 2984 195 3041 el’ieo
209 2983 285 3037 dicit.
324 2984 456 3037 Areceile
475 2992 504 3038 et
521 2982 660 3037 (lernendi
674 2983 854 3048 senteutiam,
873 2981 932 3050 qni,
948 2983 1062 3037 anblata
1080 3001 1145 3052 per·

100 3076 198 3142 itione,
233 3075 466 3146 probabilitatem
486 3082 514 3130 et
531 3074 807 3130 nerieiruilitudiaetn
826 3073 1033 3134 defendebant,
1051 3073 1147 3143 eapie-

100 3184 132 3224 ιο
152 3168 252 3224 Cicero
273 3166 405 3236 adtingit,
422 3166 535 3237 exponit
553 3165 668 3220 uberior
692 3166 901 3219 Clitomachum
920 3181 1041 3234 ecquem
1058 3167 1145 3224 tired.

100 3258 154 3317 ,66
169 3279 211 3330 aq.
233 3257 305 3324 (cte.
327 3256 430 3311 llitteri
449 3257 525 3312 Iliet.
545 3258 623 3313 Phil.
644 3258 685 3311 lll
705 3276 732 3327 p.
751 3257 805 3311 665
824 3273 881 3325 eqq.
903 3263 931 3308 et
952 3276 979 3326 p.
998 3256 1051 3310 676
1068 3257 1145 3327 sqq.)

100 3353 265 3428 uinquam,
285 3349 333 3402 itti
351 3349 430 3418 poeni
455 3367 488 3402 ox
507 3351 568 3402 Bri.
593 3356 621 3403 et
639 3350 732 3402 eltern
749 3356 826 3401 recte
845 3354 974 3400 ueterum
992 3345 1146 3402 editionum

100 3446 173 3510 luta,
194 3445 288 3508 Cret,
307 3441 413 3508 ilict.);
442 3444 520 3498 Meu.
538 3447 568 3494 ct
584 3440 689 3494 Lbinue
707 3440 840 3496 omittunt
854 3440 919 3504 itti,-
946 3439 975 3494 iu
994 3456 1147 3511 proxumo-

99 3550 121 3587 ι
137 3534 291 3588 uerborum
310 3531 410 3585 ordine
429 3533 490 3601 (lic.
508 3551 543 3586 m.
564 3534 620 3586 ieta
638 3533 731 3601 prob.)
751 3533 846 3586 tolum
863 3532 924 3585 urt.
942 3541 1054 3587 aeeutee
1072 3550 1147 3586 enm.

100 3641 133 3680 ιι
150 3645 201 3697 pro
220 3623 388 3679 atreum
407 3627 475 3679 Oxx.
494 3642 543 3694 χψ,
565 3625 705 3691 vindoc,
723 3625 835 3678 Monac.
853 3629 919 3692 apte
935 3623 1004 3692 (eir.
1023 3623 1037 3690 6
1059 3623 1095 3677 rt
1112 3625 1148 3676 ad

100 3728 119 3783 t,
141 3726 173 3770 ut
191 3714 263 3770 elibi
282 3714 309 3769 in
327 3716 374 3769 hie
392 3717 473 3772 libr-ie
491 3724 556 3770 oete
574 3734 626 3786 pro
642 3734 661 3769 a
678 3723 706 3770 te
721 3715 858 3786 seriptum
876 3715 1009 3770 uidimae.
1043 3716 1148 3769 Paullo

100 3813 123 3860 tt
137 3809 342 3876 expectabatur
367 3809 461 3878 potine
489 3809 537 3861 iric
562 3810 647 3861 ordor
683 3826 743 3876 poue
759 3808 916 3876 probabilia
938 3809 964 3860 ei
981 3808 1149 3869 uideantur,-

100 3912 126 3953 Ι
141 3899 227 3955 aliter
246 3900 260 3967 6
277 3899 331 3960 62,
353 3900 402 3953 ubi
421 3901 493 3974 quod
510 3901 595 3953 nollet
613 3901 641 3952 in
660 3907 743 3969 perte
761 3897 902 3969 primaria
919 3896 1063 3950 cententio
1081 3914 1148 3950 cen·

100 3992 145 4056 lar,
164 3998 193 4045 ct
211 3990 351 4045 ciuilibus
372 3987 440 4043 lor-ie
462 3992 489 4043 el
514 3994 671 4044 extremum
698 3991 794 4043 lenum
814 3991 901 4043 tenet.
937 3988 1033 4043 Deleri
1053 3996 1147 4044 tamen

100 4082 230 4146 tuamen,
257 4084 331 4153 qnod
350 4080 460 4137 0rellio
480 4080 571 4135 uisum
589 4087 615 4134 et
633 4081 677 4149 (at
694 4080 808 4145 ottoni,
827 4078 874 4133 cui
892 4080 918 4132 ei
934 4079 1063 4136 ”nullutn
1083 4100 1148 4135 aen·
1178 4069 1182 4076 ’

100 4186 121 4227 Ι
139 4173 284 4244 prebere'’
303 4174 430 4239 uidetur)
459 4172 506 4226 aix
533 4175 642 4244 poteet3
681 4188 747 4225 nent
767 4173 802 4225 ed
823 4188 885 4225 rem
903 4174 1045 4242 pertinet,
1082 4172 1149 4224 huie

100 4260 291 4337 ipeotreuittn
310 4267 361 4319 ille
389 4265 491 4321 uideri.
547 4265 625 4319 lderu
644 4264 739 4319 ebetat
758 4262 811 4317 ilai
836 4263 1004 4319 coniectura
1030 4263 1147 4332 (puteat,

100 4370 122 4411 a
136 4360 215 4429 prole.
234 4359 401 4421 uideantur,
421 4361 479 4428 eo),
497 4359 587 4413 duote
606 4375 622 4410 c
640 4354 715 4410 ilud.
734 4352 752 4406 2
772 4357 801 4409 et
817 4354 900 4421 Bne,
928 4356 1037 4411 nulline
1051 4360 1150 4409 nnete·
