2730 5016
326 381 385 446 ET
407 381 517 448 Mau.
540 381 623 447 LlB.
647 382 661 446 l
685 383 782 448 CAP.
806 389 857 446 lo.
1098 387 1137 445 71

10 538 15 639 i
72 577 171 662 ipsum,
201 577 278 661 quia
301 576 395 640 dolor
420 581 483 657 sit,
506 581 612 659 amet,
638 592 862 655 consectetur,
885 578 1021 661 adipisci
1046 575 1139 654 uelit,

10 688 17 767 l
70 685 110 746 sed
129 684 200 767 quia
223 702 467 770 nonnumquam
490 685 651 750 eiusmodi
676 700 824 770 tempora
848 684 1005 760 incidant,
1031 696 1067 744 ut
1090 682 1138 746 la·

10 774 12 801 ³
70 786 127 851 bore
145 801 176 851 et
199 787 314 854 dolore
336 813 488 877 magnam
512 793 657 878 aliquam
676 806 810 878 quaerat
833 790 1046 876 uoluptatem.
1096 787 1140 854 Ut

70 897 134 958 enim
163 895 203 958 ad
237 899 384 962 minuma
404 902 555 977 ueniam,
600 902 673 984 quis
696 915 843 964 nostrum
867 898 1138 961 exercitationem

69 999 146 1064 ullam
165 1005 311 1086 corporis
333 1008 470 1091 suscipit
493 1004 715 1084 laboriosam,
737 1008 800 1068 nisi
824 1018 859 1066 ut
882 1004 1004 1089 aliquid
1030 1023 1139 1065 exea
1216 1078 1220 1086 Ι

67 1108 204 1171 mnmodi
237 1111 479 1196 consequatur?
524 1114 597 1197 qais
622 1126 730 1175 autem
757 1112 811 1175 ael
834 1133 909 1175 eum
933 1113 1004 1173 iure
1027 1129 1143 1192 copres

68 1213 213 1292 henderit,
237 1217 347 1300 quiin
368 1238 408 1280 es
430 1217 601 1303 uoluptate
627 1218 708 1282 uelit
731 1240 816 1296 esse,
838 1239 936 1304 quam
961 1215 1044 1280 nihil
1071 1236 1139 1279 mo·

66 1317 160 1383 lestiae
182 1335 419 1406 consequatur,
447 1322 502 1386 nel
524 1323 637 1402 illum,
673 1326 727 1410 qui
749 1326 896 1389 dolorem
921 1347 994 1389 euru
1021 1324 1138 1409 fngiat,

66 1447 114 1510 quo
133 1426 281 1508 uoluptas
303 1426 393 1491 nulla
415 1430 583 1514 pariaturl
624 1433 676 1494 38.
698 1431 744 1495 At
766 1455 845 1497 uem
866 1455 924 1496 eos
948 1444 982 1494 et
1006 1450 1138 1494 accusa·

65 1552 120 1594 uns
144 1545 176 1594 et
203 1535 290 1595 insto
322 1534 397 1596 odio
426 1535 648 1620 dignissumos
678 1538 848 1618 ducimus,
891 1542 946 1624 qui
970 1536 1137 1601 blanditiis

66 1641 261 1721 praesentium
282 1638 486 1725 uoluptatum
511 1641 646 1705 deleniti
668 1656 765 1728 atque
788 1647 953 1730 corrupti,
977 1665 1057 1730 quos
1080 1643 1137 1705 do-

64 1742 131 1808 lores
151 1759 182 1809 et
205 1767 286 1832 quas
310 1746 478 1810 molestias
504 1750 677 1832 excepturi
701 1753 785 1829 sint,
825 1755 989 1814 occaecati
1013 1750 1137 1834 eupidi-

10 1894 13 1927 ,
65 1864 196 1915 tatenon
220 1853 413 1937 prouident,
457 1853 624 1939 similique
647 1869 722 1918 sum
745 1861 778 1921 in
802 1858 918 1942 ortlpa,
949 1859 1003 1942 qui
1029 1852 1136 1918 ollicia

103 2045 172 2088 labere
187 2051 211 2088 et
226 2045 314 2098 dolore)
330 2047 378 2090 dol.
392 2052 416 2090 et
427 2047 513 2092 taen
564 2051 674 2103 minume)
690 2054 845 2098 minimamc
897 2051 984 2108 quiin)
1001 2051 1057 2105 quia
1076 2045 1135 2091 tun

64 2121 174 2174 actitasse)
188 2136 244 2165 esse
258 2122 356 2166 aelith
389 2126 465 2179 quant)
481 2126 561 2179 quac
622 2127 656 2171 8³.
670 2130 709 2182 At)
728 2131 836 2182 ,tequec
864 2125 992 2179 blanditiis)
1002 2138 1049 2182 per
1065 2123 1134 2167 blan-

63 2197 152 2242 minu
180 2198 302 2257 excepturi
316 2198 373 2252 mut)
387 2211 441 2242 exe.
456 2206 515 2243 sunt
529 2201 548 2245 0

63 2379 102 2416 aen
119 2364 229 2435 inpetu,
268 2382 323 2419 non
342 2371 458 2418 temere.
488 2366 567 2420 Male
587 2367 674 2422 Gaias
692 2371 844 2440 probauit,
874 2372 942 2427 Otto
960 2374 1074 2423 secutus
1093 2371 1135 2418 ast

10 2514 12 2521 Ι
62 2459 255 2512 nendumcod.
278 2457 431 2527 Spirensis=
451 2465 533 2513 recte.
570 2460 648 2531 Sapo
667 2463 770 2517 boram
787 2463 954 2535 compendia
973 2464 1135 2531 permutata
1193 2448 1207 2473 ⁸

61 2556 126 2617 tuat3
157 2550 212 2603 cfr.
232 2551 336 2621 opusc.
357 2534 525 2606 rnea‘Acad.
547 2573 573 2621 p.
592 2553 652 2611 832.
703 2557 766 2625 lpse
785 2576 839 2610 non
859 2554 1063 2610 temeratione
1081 2568 1133 2620 pro

10 2630 13 2637 ’
61 2640 260 2711 recteposuiin
279 2650 350 2696 orat.
372 2646 687 2714 proRosc.Arn.188.
725 2649 766 2702 nd
789 2649 845 2703 la.
869 2650 941 2714 xit,
979 2649 1030 2712 dl,
1050 2645 1068 2698 ὃ
1087 2656 1133 2695 ‘ra-

59 2733 114 2786 dem
126 2736 224 2800 fecisti
240 2737 341 2804 paullo
360 2735 527 2790 insolentiae
546 2736 660 2805 ponitur
679 2739 706 2791 in
725 2740 803 2795 iacto
824 2740 1036 2810 conprobando.

111 2846 192 2899 quom
210 2827 281 2879 nibil
299 2826 364 2894 dre.)
396 2848 463 2899 que,
502 2832 577 2898 quud
603 2832 665 2883 loro
689 2834 830 2885 edebatur
860 2838 927 2885 ants
953 2827 1133 2887 Lambiuurns

59 2918 185 2975 bruterus
205 2927 294 2989 nogat
317 2918 345 2973 in
377 2921 436 2974 ullo
455 2923 518 2975 Pal.
547 2939 622 2988 esse,
661 2921 748 2976 Gaius
775 2921 803 2976 in
829 2923 888 2977 suis
906 2928 1008 2994 prater
1026 2916 1087 2973 uri:
1107 2926 1135 2970 et

56 3011 114 3084 Spir.
133 3012 296 3077 medicit3
334 2997 466 3066 Dauisius
492 3014 602 3083 (qaam)
623 3020 716 3079 tacet;
753 3016 821 3068 011.
842 3020 890 3085 up
909 3032 979 3087 qua,
1015 3011 1134 3082 uqaia.

56 3104 157 3161 Frustra
174 3103 350 3159 deteriorum
370 3105 540 3175 scripturam
559 3107 686 3160 defendit
703 3107 893 3177 Wopkensius
911 3127 938 3178 p.
957 3107 991 3170 43
1009 3102 1133 3175 primum

55 3215 95 3252 roa
115 3207 209 3268 potest
229 3197 269 3252 sic
288 3198 420 3250 absolate
439 3197 493 3249 dici
512 3200 658 3270 consequi,
690 3205 722 3252 ut
741 3217 792 3269 pro
810 3199 975 3253 aecusatiuo
995 3215 1044 3268 per
1062 3213 1133 3265 pre·
1160 3186 1162 3190 Α

53 3291 204 3357 minonem
221 3290 250 3341 in
269 3289 444 3359 adiungatur
465 3306 510 3343 ree
530 3293 688 3360 precedens
704 3292 746 3359 (ia
766 3292 819 3343 bae
835 3292 980 3360 uoluptate
997 3289 1131 3341 nibilmo-

53 3382 125 3437 teate
142 3384 353 3454 consequitur);
393 3399 458 3434 nam
479 3380 564 3436 aliter
582 3385 669 3453 longe
687 3382 806 3438 dicitur:
827 3386 855 3436 in
873 3386 926 3437 boc
943 3402 973 3436 re
984 3381 1132 3453 sonseqm‘-

52 3480 86 3527 tar
101 3475 233 3544 (accidit)
250 3476 406 3526 obscuratio
426 3475 485 3539 (IV,
503 3473 570 3541 29);
592 3474 702 3542 deinde,
720 3479 796 3547 quod
815 3477 946 3531 Handius
965 3478 1015 3544 (ad
1029 3473 1131 3543 Woplr.

50 3567 113 3635 le.)
132 3550 351 3631 animaduertit,
387 3567 436 3619 sed
458 3567 543 3621 unius
569 3569 695 3623 mendosi
722 3569 778 3623 loci
796 3569 964 3624 ¹testimonio
983 3567 1030 3634 (ad
1052 3567 1132 3618 Fam.

48 3661 85 3724 tt,
103 3662 151 3728 la,
173 3661 206 3728 6)
224 3660 253 3713 in
273 3657 479 3713 dubitationem
500 3667 595 3725 uocat,
615 3678 772 3731 numquam
792 3659 891 3715 Cicero
912 3669 962 3716 ant
982 3659 1132 3730 qaisquam

48 3751 127 3808 haus
146 3753 270 3823 scriptor
289 3759 356 3805 ante
371 3749 525 3805 relatiuam
544 3753 768 3823 propositionem
791 3754 902 3819 omisit,
921 3771 983 3825 qun
999 3758 1065 3805 ante
1083 3751 1131 3802 de-

47 3845 255 3901 nonstratiuom
289 3843 445 3909 adfuisset,
482 3842 535 3897 nisi
568 3844 642 3898 idern
676 3849 797 3901 uerbum
825 3845 983 3902 audiretur.
1037 3843 1133 3896 Multo

45 3938 127 3993 uinus
145 3941 235 3995 bomo
257 3936 364 3990 dicitur
382 3937 516 4006 consequi
534 3937 709 4006 molestiam,
730 3947 762 3993 ut
779 3941 849 3992 nibil
867 3937 1047 3993 accusatiuos
1068 3934 1113 3988 sit.
1149 3934 1153 3941 ’

103 4032 147 4093 88,
185 4033 262 4085 iusto
298 4030 360 4081 odio
395 4029 595 4097 dignissumos)
629 4032 692 4086 Non
727 4033 821 4086 ferens
852 4031 964 4101 cupiam
997 4027 1132 4082 orationis

42 4127 198 4180 mutator
216 4124 286 4188 ille,
323 4137 340 4176 a
365 4140 420 4191 quo
447 4122 501 4175 orti
526 4132 594 4176 sunt
619 4125 689 4184 0¹¹.
710 4124 766 4190 Εξ,
807 4143 892 4194 quom
917 4137 1000 4176 nemo
1026 4119 1131 4173 iniusto

41 4218 335 4290 morigennensem
372 4217 456 4268 multo
480 4217 542 4269 odio
564 4216 745 4271 scribendum
767 4218 898 4287 putauit,
930 4213 1085 4283 inciditque
1103 4211 1131 4263 in

40 4307 105 4365 itan
123 4313 180 4368 Ta.
203 4310 373 4374 Bentleius,
409 4309 491 4378 quasi
516 4327 570 4364 noa
599 4297 685 4364 multo
706 4310 780 4364 illud
801 4328 879 4381 aque
898 4307 965 4364 insit
982 4307 1011 4361 iu
1030 4320 1129 4374 super-

38 4401 126 4462 latius.
