2706 5018
132 347 203 410 m
483 339 543 405 DE
565 335 743 406 ululatus
765 334 870 404 BON.
918 376 923 385 ·

133 537 217 619 bus,
241 556 323 624 quos
346 535 437 616 dixi,
470 545 709 620 consequentes
730 544 807 598 suut
827 528 914 597 fines
932 528 1105 612 bonoram,
1138 534 1195 599 dri·

186 702 254 760 quon)
265 714 319 760 que
334 700 354 747 0
387 703 442 747 saut
455 699 526 755 lines)
537 701 605 756 fines
619 706 678 745 eunt
691 699 714 745 Β

204 859 257 911 His
275 859 405 923 omnibus,
423 874 492 932 quos
510 857 586 919 disi,
606 856 674 925 dec.)
693 858 763 912 Huc
780 854 880 920 uerba,
898 858 931 910 ut
947 870 1024 909 nunc
1043 858 1200 925 odeum.

132 948 361 1021 inexplicabilem
381 950 488 1003 habeut
505 950 716 1004 difficultatem.
774 947 848 1004 Nam
869 946 994 1017 primunr
1020 956 1195 1024 essseseqseste.¹

132 1041 246 1109 (idest,
266 1039 445 1098 consentanei
464 1042 515 1096 ulii
534 1040 576 1095 rei
594 1039 776 1113 precedenti)
795 1039 837 1094 sic
855 1039 978 1106 dicitur,
997 1046 1146 1106 tamum,
1158 1056 1198 1113 ps·

132 1135 192 1190 sitis
207 1136 309 1189 horum
325 1135 560 1207 philosophorum
577 1132 677 1206 primis
697 1140 821 1194 natura,
852 1149 927 1186 aune
944 1132 1060 1187 demun
1077 1133 1200 1207 edisseri,

132 1227 168 1281 iis
186 1228 378 1298 consequentis
405 1244 465 1281 esse
492 1228 572 1284 lines.
623 1227 711 1297 Atqui
734 1226 792 1280 iam
818 1224 855 1277 ds
880 1224 985 1280 tinibus
1009 1223 1088 1280 dizit.
1120 1230 1200 1297 llsqsd

132 1321 193 1374 hec
210 1320 350 1374 sententia
366 1321 531 1391 generalem
552 1321 669 1375 laudem
690 1319 833 1384 contiret3
851 1316 893 1371 sic
912 1334 1079 1394 consequens
1094 1294 1200 1371 elisisti

133 1410 236 1466 elicitur
253 1430 304 1483 pro
325 1429 377 1477 eo,
407 1411 436 1466 in
455 1429 511 1482 quo
529 1410 589 1484 ipso
608 1410 766 1468 constantia
785 1411 922 1483 eriperent
939 1429 993 1465 nec
1011 1408 1153 1481 quicquan
1164 1422 1200 1461 rs·

132 1509 257 1575 pugnet,
294 1504 368 1572 quod
388 1505 545 1559 lemborum
566 1512 611 1571 et3
649 1521 741 1575 noque
758 1503 829 1558 satis
844 1503 977 1559 Bromius
997 1502 1137 1569 adtendit,
1161 1498 1200 1557 fl

132 1593 271 1650 adhibens
290 1597 437 1667 exempla,
474 1597 503 1650 iu
522 1596 623 1668 quibus
641 1612 807 1671 consequent
825 1603 868 1650 eet
885 1595 1027 1664 superiori
1042 1592 1200 1649 conemini·

133 1680 172 1743 Et
188 1688 248 1741 hec
264 1689 326 1742 leus
344 1689 380 1743 sd
399 1706 447 1743 eos
468 1689 572 1755 etium,
599 1688 646 1762 qui
664 1694 815 1754 secuntur,
833 1687 973 1758 pertinet,
1012 1693 1044 1742 ut
1061 1687 1200 1741 musta*

132 1797 217 1850 quam
232 1780 340 1834 horirm
360 1780 474 1852 propris
487 1789 619 1853 ponatur.
649 1782 704 1837 Sed
725 1779 842 1852 grauius
859 1780 951 1834 illude
973 1776 1074 1846 dntini,
1091 1778 1136 1850 qui
1148 1774 1200 1839 d!

131 1870 270 1939 iniuntur,
310 1874 470 1944 Aristippo,
507 1876 608 1928 Stoicis
634 1873 684 1929 dcc·
711 1872 870 1927 necessario
889 1889 941 1943 per
965 1864 1200 1955 adpositioesnfil

133 1966 389 2020 adherentuerbis
408 1967 609 2033 triremibus,
648 1972 681 2021 ut
698 1965 865 2038 siugulatim
884 1964 1069 2031 ostendatur,
1104 1960 1200 2036 qaifl

131 2056 177 2110 illi
196 2075 292 2111 omncs
309 2065 337 2110 et
355 2057 403 2128 qui
423 2065 623 2129 consequentes
641 2059 686 2113 illi
703 2059 774 2112 fines
791 2060 951 2122 bonorum
969 2063 1003 2112 ut
1019 2064 1155 2129 umque·
1166 2052 1200 2111 {s

132 2148 208 2203 uersi
228 2150 436 2219 adiunguntur,
465 2148 528 2203 fieri
546 2151 625 2204 nullo
644 2152 728 2204 modo
747 2157 840 2222 potest
859 2168 910 2222 per
927 2149 1067 2204 ser-onie
1083 2158 1200 2227 eatsrq

131 2242 170 2295 Et
188 2247 283 2295 tumen
302 2246 462 2312 repugnant
478 2215 567 2297 uerlsis
585 2261 653 2317 quos
679 2244 746 2303 diei.
798 2244 947 2298 Postremo
971 2240 1002 2296 in
1028 2214 1200 2317 respectet,

131 2338 160 2391 et
176 2333 351 2386 Academici·
369 2331 494 2402 primum
514 2335 613 2388 cicero
633 2334 772 2406 principia
792 2341 900 2390 nature
919 2332 1097 2400 nominauit,
1118 2328 1200 2397 rests

130 2422 196 2478 finis
207 2423 342 2489 adiunxit,
362 2431 403 2486 ut,
424 2427 571 2497 quoderat
588 2427 774 2498 propositum,
793 2428 935 2482 coherere
946 2427 1151 2481 eaastendsrst.
1171 2414 1200 2477 θ’

130 2513 191 2583 luis,
217 2517 264 2588 qai
281 2524 432 2584 secuntur,
470 2520 552 2572 nulla
569 2520 683 2573 omuino
702 2519 900 2591 significantur
916 2519 1028 2590 prims,
1046 2520 1095 2573 sed
1110 2522 1197 2572 test·

130 2607 201 2662 iines
221 2616 380 2678 ponuntur,
416 2616 448 2664 ut
466 2628 501 2665 ue
522 2611 625 2665 umbra
643 2612 757 2681 quidem
776 2610 835 2666 eins
853 2608 1057 2665 conuenientia
1075 2604 1200 2683 alpad]

130 2717 217 2772 quem
239 2701 339 2755 Cicero
359 2704 506 2756 ostendero
528 2704 654 2758 uolebat.
706 2706 818 2759 Horum
837 2701 963 2757 omniurn
982 2701 1200 2759 incommen-

133 2810 191 2849 una
208 2801 234 2849 st
251 2792 378 2859 leontio,
418 2802 450 2849 ut
467 2801 642 2861 statuamus,
677 2805 745 2852 ants
770 2797 860 2852 uerlsa
879 2795 925 2850 leis
944 2797 1069 2851 annilius
1086 2790 1197 2851 sssulh

131 2887 284 2954 excidisse,
321 2889 422 2958 quibus
451 2887 549 2943 Cicero
576 2888 663 2942 simili
688 2890 783 2944 forms
807 2896 894 2960 etque
919 2884 1200 2960 reprimite-nte

132 2980 279 3034 Aristoteli
296 2999 329 3034 eu
345 2982 436 3050 primu
455 2981 517 3033 suisa
536 2989 600 3034 sunt
619 2981 688 3048 dee.)
709 2980 828 3047 dixerit,
853 3000 914 3053 ques
933 2982 985 3035 alii
1006 2982 1099 3055 prims
1114 2973 1200 3052 μήτ

130 3080 210 3139 seut3
249 3081 311 3127 tum
329 3073 493 3128 rectissume
517 3073 766 3144 (quemadmodum
796 3080 882 3128 antes
920 3075 1000 3145 Ergo
1017 3081 1087 3127 nuta
1107 3068 1200 3151 κᾶν.)

130 3164 325 3219 subiciebatur
341 3166 377 3218 de
396 3165 518 3223 finibus:
535 3166 579 3218 dis
598 3167 736 3232 oniniius,
755 3182 824 3239 quos
842 3166 910 3228 disi,
929 3174 1122 3242 consequenter
1134 3161 1200 3233 (cni

131 3258 259 3311 scotanei
277 3258 328 3321 iis,
361 3275 420 3328 qun·
439 3256 530 3328 posita
547 3263 613 3312 sunl
632 3257 745 3329 prima,)
764 3264 828 3311 sunt
840 3259 917 3324 fines
933 3257 1073 3314 donorum.
1107 3258 1141 3313 Et
1153 3256 1200 3333 fl?

133 3353 208 3400 tasse
227 3347 311 3401 etiam
322 3348 499 3400 curnendem
515 3351 759 3421 etllieroupurarn
779 3348 949 3415 nominarat,
966 3351 1017 3405 sed
1035 3352 1084 3406 liic
1099 3338 1200 3419 aad

129 3453 229 3492 caussa
246 3439 321 3492 solos
339 3438 513 3508 Aristippum
533 3449 562 3495 et
580 3442 690 3497 Stoicos
707 3442 796 3514 ponit.
833 3445 958 3497 Tantum
977 3443 1007 3497 id
1026 3442 1135 3505 neseis,
1154 3450 1200 3511 ς·

129 3530 188 3584 alia
201 3531 292 3599 prima
311 3531 415 3585 Stoicis
433 3548 518 3602 quesn
536 3534 734 3605 Peripateticis
753 3542 782 3588 et
799 3535 976 3591 Academicis
994 3536 1065 3590 dare
1082 3528 1200 3607 potssffll

128 3638 195 3675 uem
215 3640 274 3693 que
291 3623 335 3677 lrie
353 3623 411 3689 dat,
430 3625 491 3695 ipsu
508 3637 571 3678 sunt
590 3627 704 3690 Stolone
719 3628 768 3681 sed
786 3633 818 3681 ut
837 3629 968 3699 paullum
983 3625 1150 3693 inflecteret,
1163 3634 1200 3703 p·

128 3716 256 3769 stulabat
275 3721 335 3769 tota
360 3713 557 3787 disputationis
585 3719 679 3773 torma
702 3718 840 3774 institute.
869 3721 913 3774 Es
931 3718 1089 3775 editoribus
1112 3718 1200 3793 prin!

128 3807 275 3861 Ernestiss
299 3808 393 3861 locum
421 3810 571 3863 obscurum
602 3828 663 3865 esse
688 3818 814 3866 senserat
839 3817 868 3866 et
893 3818 957 3882 post
990 3829 1058 3866 ean
1090 3808 1200 3868 mutu

129 3897 177 3966 qui
199 3914 232 3951 es
252 3899 274 3951 C
293 3906 321 3953 et
337 3899 458 3953 iortme
476 3918 533 3956 uua
559 3908 587 3957 et
607 3904 701 3957 altera
720 3911 858 3975 preterea
875 3911 974 3957 uetere
992 3904 1116 3959 editione
1131 3902 1200 3960 uls

128 3989 180 4043 bat
196 4007 267 4062 ques,
288 4007 343 4060 quo
364 3991 477 4046 tollitur
504 3994 653 4048 barberies
674 3996 702 4048 in
721 4014 792 4050 uoce
817 4003 1028 4072 consequentes,
1064 4004 1160 4053 ecem
1173 3996 1200 4051 ΙΙ

128 4082 278 4135 commoda
296 4083 383 4137 etiam
402 4093 562 4156 sugestum
581 4087 671 4156 ipsum
691 4087 773 4153 illud,
792 4089 914 4143 assuitus
933 4089 1033 4161 primis
1051 4096 1158 4145 untur!
1172 4104 1200 4143 rs

127 4174 267 4244 spondere
285 4172 348 4228 ienis
367 4177 640 4247 Peripateticorum,
657 4179 865 4251 Calliphontis,
883 4181 1019 4248 Diodori,
1039 4182 1200 4255 irreptant

128 4266 304 4330 Malthieus,
323 4285 408 4336 quom
427 4266 585 4324 distinctius
604 4279 716 4342 perteus
734 4272 871 4327 uitiorum
889 4272 1010 4340 uideret,
1028 4274 1110 4329 usals
1127 4280 1201 4329 tus

127 4355 268 4415 medicina
291 4358 352 4414 trec
373 4360 469 4417 omnia
489 4363 578 4417 aerlia
600 4362 664 4419 tolli
683 4365 818 4431 nolebat,
842 4381 898 4437 qao
917 4366 995 4422 iacto
1013 4381 1065 4433 es,
1099 4382 1162 4437 qun
1176 4380 1200 4421 st
