2706 5018
543 380 799 450 PuAEFA'rlo.
1171 394 1224 461 xl

126 570 324 634 Goerenzius
348 571 458 657 igitur
483 589 546 632 non
570 566 695 646 solum,
721 592 803 656 quas
827 573 858 634 ei
883 570 1019 657 placuit,
1041 575 1223 660 scripturas

126 677 336 741 ecodicibus
379 678 452 739 suis
491 677 680 760 excerpsit,
724 690 851 742 ceteras
889 701 976 765 stcpe
1009 693 1161 765 optumas
1188 696 1223 745 et

128 806 273 849 maxume
299 782 468 848 notabilis
497 784 628 860 omisit,
673 797 729 847 aut
757 784 896 849 subinde
928 790 1036 850 minus
1064 786 1164 871 piene
1190 802 1222 851 et

129 893 295 970 adcurate,
319 891 400 977 quid
423 892 455 953 in
482 887 648 952 codicibus
673 905 776 970 esset,
810 894 961 972 tradidit,
992 893 1050 956 scd
1076 894 1121 956 ita
1146 915 1222 977 gra·

129 1002 201 1062 uitet
225 998 356 1083 ubique
377 998 520 1074 errauit,
544 997 591 1059 ita
613 997 733 1061 multas
756 1001 933 1082 scripturas
956 999 1138 1078 confinxit,
1176 1002 1223 1065 ita

132 1109 258 1169 nomina
283 1106 436 1169 codicum
463 1106 671 1187 permutauit,
695 1126 767 1189 qua·
794 1109 827 1170 in
850 1108 992 1192 optumis
1012 1118 1124 1185 erant,
1148 1128 1222 1191 pes·

131 1214 225 1275 sumis
251 1210 382 1290 tribuit,
406 1231 477 1296 quoe
499 1212 534 1272 in
561 1212 734 1293 pessumis,
755 1214 911 1296 optumis,
931 1214 977 1275 ita
1001 1215 1100 1275 etiam
1124 1215 1157 1274 in
1181 1216 1223 1275 iis

132 1316 218 1394 iocis,
241 1316 300 1380 ubi
326 1316 368 1381 ab
392 1317 470 1381 aliis
490 1320 677 1383 admonitus
698 1333 788 1398 erat,
814 1332 849 1382 ut
871 1319 1074 1397 adtenderet,
1099 1318 1139 1380 de
1162 1315 1224 1380 fal-

136 1425 176 1485 sis
196 1424 433 1503 adseuerauit,
477 1442 512 1488 ut
538 1426 622 1490 nihil
647 1448 799 1512 umquam
825 1425 894 1490 ulia
918 1447 964 1489 ex
995 1438 1090 1512 parto
1113 1422 1222 1488 simile

136 1531 265 1594 uiderim
290 1544 342 1608 et,
390 1532 455 1594 nisi
485 1533 564 1596 mibi
586 1546 701 1618 stupor
724 1535 866 1599 hominis
897 1546 930 1595 et
959 1533 1158 1617 peruersitas
1188 1533 1223 1594 in

136 1640 245 1701 ceteris
275 1658 407 1722 quoqne
438 1636 537 1701 rebus
569 1654 743 1725 perspecta
776 1653 905 1718 essent,
949 1641 1009 1702 uix
1046 1642 1128 1702 meis
1152 1640 1223 1723 ipse

137 1742 233 1806 oculis
254 1744 439 1808 crediturus
475 1746 607 1810 fuerim.
677 1747 728 1811 Ac
752 1759 880 1832 poterat
909 1748 975 1810 iam
1001 1759 1077 1809 anto
1101 1765 1222 1830 magna

138 1870 176 1911 cx
210 1864 304 1935 parte
338 1850 511 1938 intellegi,
553 1866 674 1938 quanta
712 1851 794 1916 fides
824 1851 1010 1915 Goerenzio
1039 1850 1224 1928 deberetur,

140 1957 359 2042 adtigeratque
380 1956 528 2022 Orellius
549 1962 757 2044 suspicione,
800 1959 885 2045 quod
917 1972 981 2021 tam
1014 1979 1101 2044 soepc
1131 1960 1223 2043 quasi

140 2062 242 2125 dedita
266 2086 369 2148 opera
391 2064 477 2128 falsa
499 2066 540 2130 de
565 2067 663 2130 editis
694 2065 788 2130 libris
820 2079 854 2129 et
884 2064 1025 2130 aliorum
1055 2064 1224 2129 codicibus

145 2173 295 2233 narrauit.
363 2170 438 2235 Non
461 2193 567 2257 pauca
586 2175 672 2236 enim
697 2171 819 2236 similia
843 2186 919 2235 sunt
940 2174 990 2253 ei,
1023 2174 1107 2258 quod
1132 2173 1173 2235 ad
1197 2171 1224 2249 Ι,

142 2276 177 2338 8⁹
207 2279 381 2357 conmisit,
428 2278 484 2343 ubi
508 2301 607 2365 quom
629 2279 745 2343 Cicero
765 2282 967 2361 scripsisset:
1015 2287 1127 2342 statua
1146 2298 1225 2361 por·

142 2391 224 2444 rectu
256 2404 375 2462 nanu,
422 2405 494 2470 pute
527 2406 642 2450 marrus
672 2385 856 2470 significet,
904 2384 1026 2448 Paulus
1056 2382 1226 2447 Manutius

145 2489 298 2568 ostendit,
343 2490 428 2556 banc
454 2495 681 2580 repetitionem
716 2491 914 2555 sirbstantiui
943 2502 1017 2576 post
1047 2508 1228 2576 pronomen

143 2593 311 2659 relatiuum
336 2617 402 2660 non
423 2598 590 2662 insolitam
612 2620 708 2677 esse,
730 2598 793 2661 sibi
818 2611 925 2661 tamon
950 2599 983 2660 in
1008 2608 1151 2660 mentem
1170 2616 1229 2658 ue·

144 2703 228 2781 nire,
250 2704 398 2768 additum
420 2705 561 2769 fortasse
584 2726 658 2769 esse
683 2726 796 2768 munus
819 2703 860 2769 ab
884 2703 1015 2789 aliquo,
1057 2705 1113 2790 qui
1135 2724 1230 2765 uere·

144 2821 248 2887 retur,
285 2831 327 2872 ne
349 2811 389 2874 ad
413 2824 554 2874 statuam
581 2814 805 2897 potiusquam
829 2811 869 2874 ad
895 2830 1026 2873 manum
1048 2828 1228 2893 pronomen

141 2934 208 2997 quen
231 2916 422 2980 referretur.
466 2916 553 2981 Hinc
575 2918 659 3004 apud
684 2914 905 2980 Goerenzium
930 2915 998 2978 hoec
1028 2924 1106 2977 nata
1136 2926 1229 2978 suntt

142 3017 273 3105 ''Xogas
295 3035 405 3086 autem
430 3036 549 3089 tractat
572 3024 732 3089 Dauisius
764 3022 834 3108 [qui
858 3042 899 3086 ne
930 3022 1074 3085 minume
1098 3020 1230 3105 quidem

140 3125 237 3190 uerbo
260 3127 349 3192 hunc
368 3129 477 3194 locum
502 3129 652 3217 adtigit],
676 3151 773 3215 quom
798 3148 912 3192 manus
934 3128 1007 3191 ideo
1032 3125 1149 3191 abesse
1171 3148 1229 3190 oe-

140 3229 192 3312 iit,
231 3248 269 3297 ut
296 3255 369 3321 qm
392 3236 431 3300 ad
456 3244 597 3301 statuam
622 3235 869 3318 referatur”(!!).
936 3232 1164 3319 blaxumequc
1187 3234 1229 3297 de

142 3336 313 3405 Cratandri
333 3344 483 3429 margine
506 3345 654 3427 grauiter
673 3364 760 3428 sepe
784 3354 890 3420 errat,
936 3343 1099 3405 interdurn
1124 3362 1230 3427 usquo

140 3446 175 3509 ed
199 3469 363 3514 summam
385 3452 614 3529 mirationem,
636 3464 671 3512 nt
694 3471 791 3535 quoru
815 3447 868 3525 id,
889 3447 975 3533 quod
999 3451 1033 3511 in
1055 3470 1120 3513 una
1143 3446 1230 3512 Grn-

141 3557 199 3617 teri
229 3556 376 3621 editione
408 3580 430 3622 a
460 3557 666 3644 typographo
696 3556 913 3641 deprauatum
944 3567 994 3633 st,
1035 3558 1070 3618 in
1111 3556 1231 3619 ceteris

140 3658 289 3726 omnibns
312 3660 458 3749 legitur,
479 3663 527 3729 ibi
550 3686 611 3751 pro
634 3663 728 3727 uaria
747 3662 910 3747 scriptura
937 3662 1088 3725 adnotari
1117 3661 1232 3726 scribit

140 3766 191 3849 (ad
213 3766 267 3848 V,
305 3770 376 3853 ol).
421 3768 473 3835 Do
494 3772 640 3836 editione
661 3768 768 3834 Marsi
789 3767 937 3852 quaedam
963 3767 1120 3851 exempla
1143 3769 1232 3833 infra

139 3894 266 3955 ponam.
313 3872 414 3941 Nune
434 3898 532 3965 quom
564 3877 710 3943 codicem
741 3872 980 3961 Eriangensorn
1010 3876 1130 3939 iterum
1154 3896 1233 3939 con-

140 3976 237 4047 latura
262 3980 407 4047 babeam
431 3984 478 4067 (in
508 4005 574 4071 quo
595 3979 814 4047 animaduerti
837 3978 959 4059 uelim,
1000 4002 1075 4045 raro
1097 3980 1232 4045 silentio

139 4108 216 4153 rnen
238 4086 465 4170 conlationis,
508 4090 569 4157 sed
599 4090 670 4154 iera
694 4101 808 4175 aperto
831 4089 1019 4151 testimonio
1039 4087 1133 4153 illurn
1156 4110 1234 4181 con·

140 4196 251 4283 uinci),
292 4208 462 4285 praterea
483 4198 523 4262 ad
558 4197 760 4263 deteriorum
791 4193 940 4258 codicum
971 4214 1168 4259 consensum
1199 4205 1234 4257 et

137 4300 390 4395 discrepentiarn
409 4302 638 4389 perspicienda
658 4302 811 4369 idoneum
829 4300 1000 4365 materiem
1020 4298 1235 4383 conlegerint,

136 4414 233 4483 emir
259 4410 417 4481 toedio·
444 4421 558 4495 operte
595 4422 638 4475 st.
705 4408 817 4494 Atque
855 4409 1053 4472 emissarum
1092 4404 1242 4491 primum
