2730 5016
228 373 291 435 lid
580 361 640 425 DE
663 360 841 427 Fln'lBUs
865 357 970 425 BON·

229 563 369 634 nostrie,
415 559 507 619 utin
532 552 716 618 actionibus
738 554 918 639 praescribi
941 554 1053 634 solet,
1080 576 1127 618 na
1152 576 1269 620 annau
1289 579 1320 622 aa

230 662 369 751 [recrr]
394 682 474 726 saro
499 683 607 725 nono.
674 660 803 724 Hoetu
827 683 913 725 nunc
937 664 973 725 in
997 660 1061 725 illo
1086 660 1228 747 probas.
1268 665 1319 729 Sti·

229 772 325 849 licet,
357 766 528 832 uocabulis
548 789 656 830 rernm
681 769 832 845 mutatis,
856 770 1103 832 inconstantiae
1128 767 1312 833 crimenillr

286 980 368 1023 eaden
383 979 419 1031 re)
433 987 462 1018 re
476 976 561 1019 eadem
575 972 700 1018 brunon.
737 973 807 1027 lecit)
820 974 873 1018 alne
889 972 955 1018 nuris
972 975 1014 1018 0r.
1043 971 1159 1026 Scilicet)
1174 974 1201 1017 et
1214 971 1237 1016 B

303 1168 336 1220 de
350 1165 557 1230 eadcmresecit
566 1164 720 1230 oliomodo)
741 1162 815 1232 Quid
826 1170 897 1217 esset
906 1162 934 1215 in
944 1162 1120 1227 actionibus,
1141 1179 1210 1233 que
1219 1159 1317 1231 petitori,

233 1266 262 1312 et
277 1257 425 1322 formulis,
444 1273 503 1327 que
516 1255 657 1310 iudicibus
672 1256 824 1316 dabantur,
839 1255 1028 1323 prescribere,
1049 1253 1186 1308 uidimus
1203 1255 1238 1306 ad
1252 1252 1320 1316 11,t;

233 1350 293 1402 bec
301 1357 395 1402 autem
405 1346 586 1419 prescriptio,
605 1365 690 1419 quarn
699 1364 716 1400 a
726 1346 860 1400 Cicerone
869 1348 953 1400 etiam
961 1347 997 1400 ad
1005 1347 1091 1400 Fam.
1101 1346 1191 1411 Xlll,
1210 1344 1320 1416 zsdgri·

233 1441 325 1509 tlrari,
341 1441 486 1493 Manutius
504 1438 1147 1508 adnotnuit(sedtamennonporearnoperoeet,
1168 1438 1318 1491 ιιιιιοιιιὶι·

234 1533 271 1584 tir
291 1533 319 1583 in
332 1529 482 1595 formulis,
518 1531 559 1583 sie
579 1548 632 1601 ego
652 1532 680 1583 in
699 1531 824 1599 epistulis
844 1533 885 1584 de
904 1532 1027 1585 cedern
1045 1549 1086 1583 re
1104 1531 1147 1582 al
1156 1531 1168 1582 i
1176 1549 1194 1583 o
1212 1531 1318 1597 node),

233 1627 369 1693 quantum
388 1622 550 1677 coniectura
567 1624 723 1693 adsequor,
740 1625 806 1677 data
824 1624 912 1677 actori
930 1623 1063 1686 uidetur,
1083 1629 1116 1676 ut
1137 1623 1319 1677 excluderetur

234 1732 251 1769 a
270 1723 351 1785 parte
370 1713 499 1784 petitoris
518 1717 645 1787 exceptio
666 1715 707 1769 rei
726 1715 875 1778 iudicata,
910 1714 1015 1786 siquis
1036 1716 1073 1766 de
1093 1716 1203 1768 eadem
1221 1733 1268 1779 re,
1291 1713 1318 1765 ts

235 1824 292 1877 qua
310 1807 368 1860 ianr
387 1813 488 1874 antea,
517 1810 567 1861 sed
596 1825 629 1861 ex
648 1807 705 1862 alia
725 1825 824 1862 canen
842 1816 949 1879 ageret.
987 1803 1058 1873 (Qui
1078 1808 1213 1861 nondum
1231 1805 1317 1860 Gaina

234 1907 336 1966 norat,
374 1897 520 1954 Manutius
546 1899 785 1970 prescriptionem
811 1899 1056 1970 interpretabatur
1084 1898 1262 1970 exceptionis
1286 1896 1316 1951 rei

234 1991 363 2045 iudicate
382 1993 505 2062 speciem
524 1994 666 2061 quandam
684 1994 858 2064 singularem
868 2030 877 2055 ,
912 2007 969 2062 qua
985 1991 1010 2045 is
1028 1997 1110 2044 actor
1130 1994 1316 2062 repelleretur,

234 2084 281 2154 qui
301 2084 420 2138 eundern
438 2102 499 2137 rem
518 2083 575 2137 alio
595 2087 678 2139 modo
696 2083 775 2155 quasi
794 2085 882 2138 aliern
898 2082 1029 2154 persequi
1047 2092 1216 2140 conaretur.
1248 2081 1315 2152 Qael

234 2191 270 2226 ne
296 2174 341 2226 cui
368 2176 486 2243 posthac
512 2175 597 2228 etiam
618 2179 744 2245 placeat,
780 2185 965 2248 preterquam
984 2164 1060 2246 qnod
1081 2174 1202 2229 omnino
1221 2174 1316 2229 dubita·

232 2266 338 2318 tionem
365 2266 469 2331 babet,
505 2284 572 2319 num
599 2267 742 2322 Ciceronis
768 2276 848 2323 etate
881 2266 1101 2338 prescriptionis
1141 2286 1244 2322 nomen
1274 2284 1314 2338 prs

234 2357 398 2428 exceptione
418 2358 525 2412 dictum
543 2358 647 2424 luerit,
684 2370 760 2414 certe
776 2361 954 2430 prescribere
974 2361 1003 2412 in
1023 2360 1135 2411 actione
1154 2369 1206 2413 aut
1224 2362 1252 2412 in
1263 2361 1315 2424 ser·

232 2450 308 2500 moia
325 2449 360 2502 de
379 2450 473 2504 danda
497 2435 660 2521 exceptione
684 2470 776 2523 neque
800 2460 859 2505 turn
886 2468 976 2521 neque
1002 2452 1124 2522 posthac
1154 2452 1260 2505 dictum
1281 2457 1314 2511 st;

234 2548 262 2595 et
280 2543 368 2613 longe
385 2542 471 2597 aliter
490 2550 550 2597 tum
570 2545 735 2614 conparatio
754 2542 862 2598 institui
888 2545 1011 2598 debebat
1040 2544 1069 2596 in
1097 2543 1178 2596 bunc
1196 2545 1314 2597 moduni

233 2634 306 2702 qaod
324 2635 352 2686 in
371 2636 543 2699 actionibus,
577 2639 653 2702 nes
658 2639 668 2689 i
676 2644 731 2702 ot,
747 2638 892 2708 prescribi
910 2636 1026 2706 (excipi)
1046 2636 1120 2688 solet
1127 2671 1139 2697 ,
1177 2637 1212 2688 de
1231 2635 1314 2687 eada

233 2726 286 2780 dic.
323 2726 378 2779 Sed
397 2727 541 2782 Manutius
560 2736 588 2783 et
609 2729 694 2783 ceteri
714 2739 838 2794 tantum,
858 2736 992 2800 quantum
1014 2735 1080 2780 ante
1100 2728 1211 2781 Gaium
1228 2727 1313 2780 iruer-

232 2822 460 2886 impeterent,
486 2821 637 2882 uideruntr
674 2823 698 2875 ai
717 2823 777 2892 quis
796 2831 890 2876 autem
908 2820 1078 2889 intellegere
1098 2822 1194 2885 uelit,
1210 2816 1313 2893 quidsit

232 2908 260 2960 in
281 2927 392 2963 summa
413 2911 574 2981 ignorantia
591 2913 759 2982 inpudenter
777 2914 897 2984 nugari,
921 2913 944 2965 is
964 2912 1033 2965 mibi
1053 2914 1155 2981 leger,
1176 2932 1235 2983 qne
1249 2912 1308 2965 une

230 3001 341 3056 renains
368 3003 415 3055 bic
439 3005 474 3056 de
498 3003 648 3058 ”tomulir
677 3013 805 3059 ueterum
835 3006 1099 3059 iurisconsultorum
1118 3002 1309 3074 prescribend-

231 3094 284 3146 bus
303 3098 332 3146 et
347 3095 582 3166 prohibentibns''
608 3098 757 3151 Dauiaium
777 3099 883 3165 docet.)
935 3103 967 3150 ln
989 3097 1077 3150 uerbo
1093 3100 1171 3163 feeit
1189 3098 1251 3152 iure
1266 3098 1312 3150 be·

231 3193 314 3251 rent3
351 3205 417 3242 narn
435 3207 524 3258 neque
548 3190 585 3242 ad
610 3191 752 3243 Zenonem
778 3189 863 3242 aliter
891 3191 989 3242 endem
1009 3190 1162 3243 docentem
1182 3192 1313 3261 nptnnet

226 3280 324 3343 secere
342 3298 432 3350 neque
452 3283 486 3334 ad
503 3283 674 3342 formulam
693 3299 782 3352 neque
800 3283 875 3335 enirn
893 3281 997 3351 petitor
1010 3283 1142 3346 faciebat
1160 3285 1220 3337 alio
1234 3280 1316 3343 notis,

228 3373 277 3425 sed
297 3373 412 3442 agebat.
447 3379 546 3444 ltaque
572 3373 688 3426 Dauisio
706 3376 837 3444 placebat
856 3375 931 3439 cgit3
950 3391 1050 3425 uerum
1068 3375 1169 3444 inepte
1188 3376 1233 3434 id,
1251 3371 1316 3446 qnod

228 3463 385 3517 actionibus
403 3466 563 3530 (uniuerse)
581 3465 675 3517 simile
694 3467 814 3529 dicitur,
851 3466 941 3534 ipsum
968 3465 1072 3536 agendi
1100 3468 1194 3521 uerbo
1213 3473 1317 3521 notetur

230 3555 316 3621 (egit,
353 3562 384 3607 at
402 3556 430 3606 in
448 3559 601 3610 actionibus
620 3561 708 3625 dcc.)‚·
744 3567 820 3611 recto
838 3558 999 3622 Manutius,
1025 3576 1111 3627 quem
1131 3560 1280 3614 Ernestius
1295 3561 1319 3610 et

230 3645 317 3699 Gaius
334 3662 483 3712 secuntur,
512 3659 667 3719 conparato
685 3651 737 3704 illo
755 3651 818 3703 loco
839 3667 872 3703 ex
889 3656 969 3718 epist.
983 3652 1018 3703 ed
1037 3652 1144 3713 Fam„
1165 3653 1216 3706 ubi
1234 3665 1316 3722 nequ

224 3737 333 3801 sociam
351 3757 440 3810 neque
458 3757 542 3808 egam
561 3742 694 3810 ponitur,
717 3743 789 3806 fecit
809 3742 873 3795 tolli
892 3743 991 3806 iussit,
1011 3743 1142 3797 additum
1162 3761 1180 3798 a
1200 3742 1318 3798 librariis

228 3831 264 3882 nd
284 3831 442 3885 orationem
463 3834 638 3902 explendam.
677 3834 817 3902 (Orellins
836 3834 908 3887 rnire
928 3835 1016 3889 scribi
1035 3839 1114 3890 uolt:
1138 3837 1171 3891 U.
1195 3837 1239 3901 Κ,
1256 3832 1320 3906 qued

227 3922 405 3976 sollemniter
425 3926 459 3976 de
478 3927 648 3995 magistratu
666 3928 701 3979 ad
721 3934 851 3980 senatum
872 3928 1015 3982 referente
1033 3928 1158 3993 dicitur,
1181 3945 1200 3981 a
1218 3929 1279 3982 iure
1294 3933 1318 3978 et

228 4009 373 4080 litigatore
392 4018 619 4072 remotissurnum
637 4023 687 4086 st.)
724 4020 785 4071 ¹Dc
812 4019 906 4071 ecdem
925 4037 956 4072 re
981 4023 1046 4088 (pro
1074 4021 1111 4072 de
1136 4037 1170 4072 re
1196 4021 1272 4086 ead.)
1289 4033 1317 4071 er

227 4102 288 4156 Eri.
314 4106 437 4174 sumpsi,
475 4111 558 4164 utin
587 4112 709 4181 epistula
739 4111 791 4165 illa
815 4111 958 4165 scribitur.
1010 4112 1078 4165 Mox
1110 4113 1187 4168 eud.
1208 4121 1316 4181 unaue

225 4195 342 4249 inritatis
360 4216 411 4267 pro
431 4205 559 4264 mutatis,
596 4206 715 4258 sirecte
735 4204 823 4257 Gaius
848 4205 949 4257 ductos
977 4203 1111 4266 (totidem
1139 4205 1218 4260 enirn
1243 4203 1314 4266 sant)

225 4286 358 4342 distinxit.
