2706 5018
309 327 501 415 anum.
525 344 610 413 nm.
632 348 681 413 ιιι
704 347 801 415 cna.
823 352 874 413 n.
1073 354 1137 418 no

108 537 144 604 do
167 552 198 603 ct
224 544 317 627 qnasi
341 542 473 608 dilatari
498 556 622 630 putant.
671 546 725 607 ⁴9.
749 542 894 608 Diuitias
921 555 1031 608 autom
1054 543 1135 608 Dio·

108 790 131 826 m
147 773 222 844 Spin.
242 782 273 828 et
291 777 334 832 ed.
352 778 458 843 Marri,
496 778 675 850 restituitque
695 779 789 833 Gaius.
847 779 923 833 Tum
942 776 971 832 in
990 778 1135 833 codicione

108 865 222 935 ¹mgine
237 867 325 932 Crat,
343 869 396 921 Gai
418 870 559 936 omnibus,
579 873 641 924 edd.
661 870 802 941 antiquio,
816 877 907 935 lunt,
927 871 1026 936 nnn,
1044 874 1134 936 Uict.)

114 976 121 1008 ι
140 975 266 1011 crescere
283 965 311 1010 et
329 966 419 1014 tamen
439 965 466 1028 (χ
483 979 606 1015 cresccre
618 963 667 1015 ecd
682 964 786 1032 tamen)
806 961 908 1017 littorio
925 980 940 1014 c
960 966 989 1015 ei
1006 966 1017 1014 t
1036 978 1069 1017 ea
1088 983 1135 1019 ra-

108 1050 300 1120 egorninaiie,
318 1054 353 1103 do
372 1069 428 1122 qna
446 1055 482 1107 ad
509 1059 553 1118 11,
579 1053 615 1107 et
632 1054 698 1107 dixi.
755 1054 832 1109 Hinc.
850 1052 943 1107 nescio
962 1054 1024 1125 quin
1043 1056 1136 1109 editor

108 1148 267 1205 tottam,
301 1145 374 1212 qaod
395 1144 471 1198 Crat.
492 1152 554 1200 eta
574 1147 703 1200 Manutio
722 1163 820 1199 omnen
838 1152 905 1200 anto
922 1146 1064 1201 Oreiiium
1082 1148 1136 1203 ha·

108 1250 119 1285 ¹.
149 1235 208 1299 (De
229 1234 341 1288 Oreiiio
356 1253 420 1289 mon
438 1237 557 1306 dicam.)
599 1239 715 1301 Cicero,
735 1245 766 1292 ut
783 1239 818 1291 ad
839 1235 936 1302 11,ae
955 1236 1029 1303 diri,
1052 1257 1135 1293 num-

108 1342 127 1377 a
145 1326 186 1378 nic
204 1334 327 1379 attamen
347 1328 443 1397 ponit,
461 1329 511 1383 ned
530 1335 620 1381 tamen
638 1329 742 1383 eulnicit-
760 1328 784 1382 ei
803 1329 884 1394 uoci,
903 1328 930 1381 in
950 1346 1006 1400 qna
1026 1333 1135 1400 pondua

108 1416 178 1471 ionio
197 1424 241 1472 cot
266 1420 361 1482 (Brut.
388 1420 456 1486 15);
494 1421 595 1474 deinde
613 1429 644 1474 ot
662 1423 707 1489 (at
733 1449 768 1463 -
786 1426 888 1488 tamea)
916 1429 977 1474 torn
1004 1422 1136 1488 infertur,

108 1526 126 1561 ιι
151 1509 245 1563 oratio
263 1512 299 1564 ad
318 1510 411 1566 minue
431 1512 590 1577 dorcondit,
615 1514 640 1567 ei
658 1512 749 1568 maine
774 1513 881 1584 aliquid
901 1514 979 1567 ectiei
998 1532 1052 1569 non
1072 1523 1136 1585 pot-

138 1601 206 1665 nbi,
239 1608 270 1656 nt
288 1602 355 1666 irie,
388 1609 500 1657 tantum
518 1604 673 1658 admonitio
691 1606 818 1676 qnondam
838 1623 853 1657 e
871 1607 1011 1660 contrario
1029 1624 1136 1676 genero

108 1693 217 1764 agitur,
236 1694 261 1745 ci
280 1695 426 1764 particula
445 1697 523 1749 iocus
542 1696 656 1749 omnino
673 1699 769 1749 ιιιιΙΙιιι
788 1702 839 1749 cet.
877 1696 1043 1765 opponetur
1054 1700 1135 1753 Orat.

108 1804 115 1837 ι
152 1786 322 1861 Quamquam
342 1786 421 1839 aliud
437 1787 549 1840 uidetur
568 1789 658 1840 oratio
675 1805 752 1851 eece,
787 1787 866 1839 atiud
883 1788 1052 1855 dieputatio,
1087 1807 1136 1842 nee

108 1892 117 1927 ι
135 1876 211 1945 ioqui
230 1896 308 1940 erec,
346 1879 419 1951 prend
437 1879 544 1940 dicere,
578 1886 699 1932 attamen
717 1886 860 1953 utrumque
877 1881 905 1930 in
923 1880 1082 1933 dioeercndo
1100 1888 1136 1935 rt.

118 1966 141 2021 ei
158 1969 218 2023 hae
236 1976 314 2024 recte
332 1970 373 2023 ita
390 1969 496 2040 neriptn
515 1979 625 2034 ament,
641 1974 740 2026 abaco
758 1988 813 2023 non
834 1977 961 2038 poterat,
980 1980 1013 2027 ut
1029 1972 1136 2028 Lutum

108 2059 145 2123 it,
170 2062 256 2116 Ιιιιίιιι
273 2062 417 2116 cententio
436 2080 500 2116 cnm
518 2063 664 2132 superiore
683 2062 858 2116 coniunctior
881 2064 1049 2137 Quamquam
1066 2066 1137 2119 enirn

108 2153 127 2205 d
149 2153 203 2207 dac.
258 2155 358 2207 Cicero
386 2154 510 2224 primum
537 2173 588 2224 per
615 2172 777 2230 qimmqnam
804 2154 974 2224 particulam
1001 2156 1135 2221 adnectit,

108 2245 277 2316 inaperiori
297 2248 471 2301 contrarium
491 2263 551 2299 creo
576 2246 708 2300 uidentur
733 2253 762 2301 et
786 2247 990 2301 correctionem
1009 2248 1134 2304 haberer

108 2354 206 2406 ιιιιιιι
224 2368 259 2379 -
279 2341 389 2403 dicerer
425 2339 526 2392 deinde
544 2338 600 2390 lroe
618 2346 747 2392 renrouet
764 2340 822 2392 alia
839 2339 999 2394 eententiaz
1036 2344 1134 2395 Aeta·

108 2428 177 2483 nuc.
213 2431 365 2484 finnionem
384 2430 522 2484 uirtutum
542 2436 570 2482 et
587 2429 722 2484 uitiorum
741 2432 811 2484 Cato
831 2448 893 2485 cam
907 2431 1019 2487 uidetur
1029 2433 1134 2499 dicore,

108 2538 113 2571 ι
129 2520 184 2586 on,
202 2539 288 2594 quom
307 2522 394 2576 tutior
410 2522 443 2576 iio
461 2539 577 2592 campan
596 2529 625 2575 ct
643 2523 759 2576 uberior
775 2524 895 2578 materia
913 2524 1013 2585 detur,
1032 2528 1065 2578 nt-
1082 2525 1135 2579 Se-

108 2615 216 2684 aepiat.
235 2616 288 2677 71,
306 2614 358 2667 272
398 2615 481 2667 Modo
501 2614 587 2666 iatine
604 2614 695 2666 utrem
709 2616 904 2679 funditur,
924 2633 1031 2684 regna,
1051 2618 1134 2681 urbii,

108 2704 200 2759 decim
219 2713 362 2774 temperat,
377 2709 438 2772 sert
454 2709 550 2775 leger,
570 2706 636 2757 colit
655 2706 803 2768 amicitias,
822 2708 893 2759 inter
908 2707 1079 2780 propinquos
1099 2709 1134 2759 li-

108 2812 173 2873 ¹tqne
192 2799 336 2867 dispensat
355 2800 470 2866 officia,
495 2800 574 2851 modo
593 2804 655 2850 arto
671 2799 734 2864 fine
745 2800 931 2851 circumdatur
945 2799 1134 2866 paupertatis,

108 2887 131 2951 ἰζ
146 2893 271 2944 orditatie
289 2891 344 2945 &a

119 2982 157 3035 a.
192 2984 314 3036 Diuitias
334 2985 441 3051 anatem)
461 2983 579 3039 Transit
598 2984 669 3037 Cato
689 2983 726 3036 ad
752 2982 839 3036 otiam
859 3000 919 3035 rem
938 2981 1134 3052 explicandam

108 3086 145 3127 ιι
164 3076 266 3140 modo,
303 3078 390 3146 qno§
413 3074 449 3129 88
467 3078 585 3139 (Bonum
611 3070 718 3142 antem)
744 3080 773 3127 ct
799 3076 812 3142 5
836 3072 873 3127 36
898 3075 998 3140 (Omne
1018 3074 1133 3140 antem).

108 3178 144 3231 Ιιι
160 3168 233 3220 enim
253 3169 325 3233 inor,
345 3170 417 3238 qnod
438 3168 472 3219 do
491 3168 653 3221 diuitiarum
676 3165 705 3219 ui
723 3172 752 3219 ct
769 3166 963 3219 autumatione
981 3164 1136 3235 interponi·

108 3290 119 3319 ,
146 3277 205 3313 ιιιιιι
224 3260 373 3330 naperioro
390 3260 580 3330 diaputetiono
601 3263 636 3312 de
660 3258 813 3312 uirtutibus
832 3266 861 3311 ct
878 3259 964 3312 beata
984 3257 1044 3312 uita
1067 3273 1136 3328 pra-

121 3366 168 3405 non
186 3352 360 3405 habentibus
382 3354 512 3406 conaret.
552 3352 618 3405 Atio
639 3352 761 3421 quodam
782 3353 865 3404 modo
885 3368 950 3405 cum
973 3368 1007 3404 ca
1024 3358 1137 3405 contro·

108 3440 155 3507 tin,
191 3461 252 3515 qun
269 3444 345 3498 inter
362 3444 470 3499 Stoico·
489 3452 519 3498 ct
540 3444 744 3513 Peripateticae
771 3450 834 3498 crat
860 3451 888 3497 ct
914 3460 997 3513 quam
1017 3444 1088 3497 Cato
1107 3442 1136 3495 ia

108 3546 134 3587 tn
148 3534 212 3606 ipeie
232 3536 353 3607 potitam
371 3537 532 3600 contendit,
567 3538 627 3589 hac
647 3534 782 3606 Diogenis
803 3535 957 3605 Babylonii
977 3537 1012 3588 do
1029 3534 1137 3589 dinitiie

108 3626 181 3681 tentia
198 3628 351 3683 coniuncta
369 3647 429 3682 eona
447 3630 576 3693 uidetur,
614 3634 646 3681 ut
673 3632 830 3697 quaretur,
868 3646 935 3683 num
957 3629 1032 3681 torte
1049 3644 1083 3683 oa
1102 3627 1137 3679 do

108 3732 146 3771 ιιι
163 3727 279 3775 externa
297 3723 446 3775 commoda
465 3722 493 3774 ia
509 3718 590 3774 honio
608 3720 742 3773 habenda
761 3719 835 3786 nint,
871 3737 1002 3774 maxume
1020 3719 1136 3782 diuitioe,

108 3806 211 3869 dhon·
226 3812 398 3867 contineant.
451 3815 507 3869 Sed
533 3831 634 3895 parum
659 3812 809 3884 perepicuo
835 3820 862 3866 nt
888 3819 949 3866 tota
974 3809 1137 3881 dioputatio,

108 3904 205 3959 tentum
224 3905 300 3974 qnod
318 3903 485 3974 ignoratur,
521 3906 615 3978 acquir
641 3923 773 3976 umquem
800 3906 853 3959 iila
877 3904 988 3958 rationo
1014 3920 1081 3957 ιιιιιι
1101 3900 1138 3955 nit

113 3988 212 4051 dum·
229 3996 259 4050 in
281 3995 363 4050 bonis
381 3999 540 4068 ponendae,
564 3999 613 4051 aad
632 3998 707 4068 qnod
725 3998 786 4068 ipra
804 3996 939 4066 Diogenin
956 3999 1138 4065 argumenta-

118 4096 163 4141 Ιιι
177 4090 246 4144 ratio
264 4094 345 4143 certa
363 4089 411 4144 nia
430 4096 459 4144 et
471 4091 581 4145 ratione
597 4090 733 4161 procedit.
761 4090 889 4144 Primum
908 4087 983 4141 enim
1002 4094 1137 4158 tanquam

108 4186 206 4235 ¹tentum
224 4178 359 4253 ponitur,
393 4182 502 4237 utrina
519 4183 715 4238 ualetudinem
741 4190 769 4237 et
786 4184 964 4253 uoluptatem
989 4176 1137 4239 contineri,

108 4266 180 4327 Μαι
197 4282 227 4329 at
252 4274 322 4329 artie
348 4292 405 4329 non
425 4276 581 4342 contineri,
615 4276 819 4348 adeumptoque
836 4274 903 4343 (etei
921 4273 950 4326 id
968 4268 1064 4323 uerbi·
1081 4282 1138 4320 noa

108 4356 245 4436 finitur),
265 4368 372 4421 bonnm
388 4368 463 4437 qaod
481 4368 528 4435 nit,
546 4384 603 4423 non
624 4368 762 4423 contineri
780 4386 831 4433 eo,
862 4366 938 4437 qnod
958 4379 1014 4416 non
1032 4357 1069 4413 nit
1085 4358 1137 4411 bo·
