2706 5018
475 337 730 405 ruarsrro.
1110 344 1154 409 1,

136 538 195 615 td.
242 533 285 597 ln
313 533 524 597 enarrandis
549 532 599 597 bis
619 531 715 596 libris
736 535 871 618 primam
896 556 1152 625 maxumamque

76 663 189 727 operam,
241 654 283 704 ιιι
306 663 378 727 par
404 654 499 719 erat,
543 638 667 705 contuli
690 639 729 703 ad
754 660 808 703 res
840 653 873 705 et
899 645 1080 708 sententias
1104 648 1151 711 ita

73 747 272 826 declarandas,
325 760 368 811 nt
392 746 509 833 plene,
552 745 741 832 aqualiter,
766 744 936 828 distincte,
961 747 1067 815 libere
1090 774 1150 817 ex-

10 850 15 957 l
73 868 228 939 ponentur,
253 854 341 939 quid
365 851 485 917 Cicero
507 874 527 917 a
547 850 671 916 Grecis
696 864 864 939 acceptum
890 858 1052 939 quomodo
1074 860 1148 922 red-

72 960 187 1040 didisset,
209 962 398 1045 omnisque
422 960 654 1046 disputationis
677 959 757 1023 ordo
779 972 813 1022 et
841 982 1035 1047 progressus
1056 978 1148 1046 pate·

71 1082 113 1129 ιιι
173 1065 291 1131 Multa
315 1068 408 1131 enim
431 1069 466 1130 in
488 1065 549 1130 bac
570 1077 663 1151 parte
694 1064 896 1151 reliquerant
924 1064 1047 1132 llloreli
1076 1069 1147 1135 lau-

70 1172 154 1237 dabile
177 1174 353 1251 studium,
403 1172 599 1237 adoctrinae
630 1172 734 1257 copiis
765 1184 798 1235 et
830 1174 931 1236 iudici
963 1172 1146 1241 subtilitate

69 1282 214 1343 torretis
246 1300 382 1361 semper
413 1278 573 1357 adiutum,
601 1289 635 1341 et
666 1275 785 1341 Dauisi
816 1299 939 1365 opera,
986 1302 1057 1366 qum
1077 1284 1147 1348 iere

68 1399 243 1470 cousumpta
266 1400 300 1449 st
332 1388 366 1449 in
395 1384 478 1449 locis
506 1383 670 1471 Diogenis
703 1396 736 1447 et
770 1384 868 1449 Sexti
898 1384 1055 1471 Empirici
1089 1411 1147 1474 pa-

67 1506 198 1577 trumque
223 1488 491 1556 Christianorum
522 1488 570 1553 ibi
599 1487 822 1569 ascribendis,
868 1490 926 1554 ubi
961 1514 1062 1557 unum
1085 1494 1145 1558 ali-

65 1598 135 1682 quod
167 1618 238 1661 non
267 1600 419 1683 ignotum
447 1598 568 1684 dogma
597 1599 720 1682 apertis
750 1596 860 1661 uerbis
889 1600 1032 1684 positum
1062 1614 1143 1679 erat,

65 1718 118 1767 tun
141 1725 215 1789 qna·
240 1699 393 1769 Bromius
416 1708 453 1769 in
476 1705 574 1768 trium
591 1704 767 1786 primorum
789 1701 947 1771 librorum
972 1728 1145 1793 argumen-

64 1812 95 1872 tis
113 1809 328 1897 explicandis
351 1815 433 1876 satis
456 1824 531 1898 apte
555 1823 588 1874 et
612 1810 764 1873 distincte
788 1824 1008 1896 exposuerat,
1039 1835 1144 1899 neque

61 1932 158 1980 tanen
179 1919 231 1980 ita
250 1928 290 1980 nt
310 1918 529 1981 reconditiora
551 1914 706 1981 subtilius
733 1917 928 2003 adtingeret.
997 1916 1145 1983 Goeren-

60 2026 121 2087 rirs
141 2023 228 2088 loeis
250 2022 293 2087 ab
317 2022 369 2087 bis
390 2026 594 2106 transcriptis
621 2022 703 2087 nibil
724 2024 848 2087 addidit
872 2026 935 2087 nisi
961 2046 1091 2089 errores
1111 2029 1143 2089 in

60 2133 136 2195 rotis
157 2132 336 2195 sententiis
360 2133 627 2217 argumentisque
651 2128 853 2195 incredibilis
874 2142 1066 2217 tantosque,
1109 2148 1144 2196 ut

60 2256 116 2301 aon
136 2259 213 2301 raro
239 2236 354 2302 Stoica
376 2257 436 2321 pro
457 2236 647 2324 Epicureis,
671 2236 832 2322 Epicurea
858 2258 917 2323 pro
942 2238 1062 2302 Stoicis
1087 2236 1144 2302 lm-

59 2342 152 2407 beret.
165 2348 199 2421 ¹)
250 2341 367 2429 ltaque
392 2346 426 2405 in
449 2342 666 2408 difficillumis
684 2342 868 2430 quibusque
884 2341 968 2407 locis
992 2342 1144 2407 tacebant

59 2452 248 2535 interpretes
271 2454 324 2527 <ut
349 2447 653 2529 11,sa,aa,111,
676 2452 736 2529 69,
759 2449 831 2528 lv,
851 2451 912 2528 58,
934 2448 986 2526 V,
1008 2451 1051 2512 17
1073 2470 1142 2535 sqq.

59 2556 229 2643 multisque
267 2551 344 2619 aliis
367 2554 480 2638 locis);
522 2578 579 2621 eas
612 2555 854 2635 dubitationes,
897 2576 969 2640 quae
1003 2553 1144 2639 diligen-

58 2665 115 2727 tias
148 2662 345 2728 adtendenti
381 2660 505 2725 oboriri
547 2660 728 2739 debebant,
776 2681 936 2746 nusquam
977 2661 1047 2724 fere
1087 2663 1143 2726 ad-

60 2768 222 2856 tingebant
244 2768 296 2851 (ut
316 2766 387 2848 lll,
429 2768 473 2830 40
493 2767 588 2851 dc.);
636 2787 700 2854 quo
727 2769 834 2830 minus
857 2767 975 2829 mirum
1018 2780 1068 2842 st,
1114 2772 1144 2831 si

61 2877 126 2961 qrid
145 2898 196 2941 ex
219 2874 455 2961 disputationis
484 2876 640 2938 interiore
663 2871 896 2957 intellegentia
919 2873 989 2954 peti
1009 2869 1145 2934 deberet

61 2982 94 3045 ad
112 2984 312 3068 scripturam
336 2978 471 3043 dubiam
504 2979 785 3055 constituendam,
826 2975 1020 3063 plerumque
1050 2974 1144 3039 aber·

63 3102 155 3154 ιιιιιιιι
179 3110 270 3167 esse,
292 3099 329 3150 ut
347 3084 411 3166 lll,
430 3087 484 3165 4³,
502 3084 564 3165 lV,
581 3088 635 3165 32,
661 3103 818 3149 maxume
836 3094 946 3145 tamen
971 3082 1021 3166 (ut
1034 3096 1145 3168 poste·

64 3198 135 3260 tiore
160 3196 251 3277 loco)
274 3190 317 3257 ab
336 3194 594 3256 recentissnmis.
642 3190 787 3255 Omnino
811 3186 938 3252 nullum
960 3200 990 3251 st
1011 3200 1085 3275 post
1108 3188 1146 3251 Ρ.

65 3300 149 3367 l'rbri
162 3322 301 3388 operam
324 3301 358 3363 iu
372 3296 579 3363 Academicis
593 3296 797 3362 conlocatam
813 3318 860 3360 ex
878 3294 940 3359 boc
957 3316 1079 3379 genere
1089 3293 1145 3359 Ci-

64 3411 178 3473 nanu
193 3428 292 3494 opus,
312 3408 408 3473 cuius
426 3407 607 3469 sententias
629 3417 663 3468 et
677 3403 917 3490 disputationes
936 3399 1145 3487 omnispleue

65 3526 91 3576 rt
115 3536 189 3579 eum
221 3534 334 3579 rernm
369 3510 602 3598 intellegentia
628 3507 881 3595 Grecornmqne
912 3506 1053 3571 fontium
1083 3527 1145 3569 usn

65 3636 221 3688 ιιιπιιιιιι
259 3622 374 3688 dicere
408 3620 573 3706 possimus
607 3629 727 3704 prester
756 3613 860 3679 libros
893 3612 934 3678 de
971 3610 1145 3691 officiis.²)

84 3928 107 3995 Ι)
122 3928 163 3983 Μ
179 3930 237 3987 ml·
255 3932 271 3989 Ι
287 3938 321 3987 θί
343 3928 393 3993 ¹¹2
416 3925 468 3999 qui
486 3922 731 3987 facillumrmnt,
748 3922 880 3977 Muretus
900 3918 1027 3993 quadarn
1047 3926 1145 3973 contu-

124 4020 157 4077 lll
170 4024 199 4081 in
215 4024 365 4089 seltoliis,
385 4018 425 4073 sd
441 4018 496 4073 tris
512 4022 674 4089 postremos
690 4014 782 4069 libros
799 4012 883 4067 nibil.

87 4112 112 4177 'l
125 4114 204 4185 orn
219 4124 330 4199 potest
339 4130 406 4171 non
423 4108 534 4184 pudere
552 4107 731 4183 philologum
739 4105 889 4181 appellari,
899 4122 986 4179 quom
994 4102 1102 4166 uideat,
1118 4102 1148 4153 in

121 4214 221 4279 mdis
241 4210 341 4271 nolis
350 4202 722 4263 editioae'l'rrsenlrnrrnnr
730 4198 881 4255 Ciceronis
899 4214 997 4252 rernm
1005 4192 1147 4266 explican-

118 4300 200 4369 ὅτι·
216 4322 335 4367 mnan
354 4314 415 4375 pfl
432 4294 639 4367 “mamad
647 4294 676 4349 ll
685 4310 710 4347 e.
718 4294 751 4363 o)
762 4290 878 4355 ascribi,
895 4304 958 4363 qna
967 4280 1149 4341 Camerarius

115 4412 157 4459 hs
172 4404 286 4481 pegia
304 4396 348 4455 rte
370 4388 464 4447 settis
482 4388 650 4445 Groeeonrn
669 4384 908 4460 pbilosophorum
925 4372 1093 4434 tradiderit.
1123 4378 1152 4425 ct

499 4472 508 4486 .
920 4480 957 4537 rr*
