2706 5018
567 320 820 391 tutAEt'n'rlo.
1125 342 1250 409 xxlu

152 511 235 575 rsdsru
258 514 421 591 omisso,
446 514 565 593 uelut,
596 530 630 581 ut
650 522 778 586 ruinoso
801 523 958 609 exerrrpla
984 549 1125 612 ponnnr,
1151 533 1246 614 11,2

150 620 267 701 (61)ιῦ
289 621 438 703 (ΝΜ),
464 624 633 704 Unci-o),
686 628 729 689 2⁰
751 630 891 713 (piscosi),
913 633 956 695 26
980 634 1086 717 (esse),
1109 652 1144 701 ut
1165 642 1245 705 insi·

149 728 257 811 gniorn,
278 725 315 807 Ι,
349 729 401 791 tro
429 728 544 811 (reon),
564 727 614 805 ΙΙ,
636 734 679 795 16
702 732 788 814 (tior
808 734 878 799 dccc
897 772 939 787 —
957 740 1081 821 solent,
1127 744 1183 807 uiri
1209 749 1241 811 in

149 836 236 915 prucis
260 856 324 914 ea,
356 856 438 920 quar
464 836 678 917 exeruerunt,
700 840 768 905 ulio
788 841 860 906 loco
884 856 1025 909 retracto
1050 851 1152 931 sunt),
1180 850 1240 931 ΙΙΙ,

148 942 177 1001 u
191 942 288 1023 (qnos
313 944 380 1007 oet
402 941 698 1027 comprehensiones
725 950 782 1011 nel
802 954 1065 1034 perceptiones),
1121 955 1172 1033 V,
1198 960 1240 1021 17

147 1048 346 1124 [sncoitntern
385 1049 525 1131 doloris)
565 1064 596 1113 et
629 1052 670 1116 16
707 1054 854 1137 (etiarnsi
880 1053 968 1119 nilsil
996 1064 1236 1143 consequatur),

146 1171 232 1235 oeque
253 1154 371 1217 rninus
396 1168 487 1218 certo
508 1156 628 1221 indicio
650 1158 825 1223 rrerboruru
852 1164 1126 1244 transpositiones
1148 1188 1235 1231 eoru·

147 1278 262 1335 nunes,
287 1274 327 1321 ut
351 1260 404 1338 V,
422 1263 466 1325 66
491 1262 590 1344 (otiu
608 1272 721 1350 itnqns
743 1268 882 1350 nunptios
904 1290 963 1353 pro
986 1267 1074 1333 nitri!
1095 1274 1235 1355 amplius

145 1366 253 1450 sinque)
279 1379 315 1429 et
337 1369 383 1429 62
418 1370 591 1451 (cupressu
625 1377 658 1435 in
690 1377 733 1435 iis
764 1394 843 1436 uero
876 1396 935 1459 pro
970 1393 1130 1459 cupressu
1154 1398 1234 1441 nero

145 1472 266 1552 iniis).
337 1470 510 1539 Postremo
548 1478 677 1541 ndcedit
717 1481 823 1543 ornnis
864 1478 990 1544 relicua
1033 1484 1232 1565 conspiratio

145 1596 228 1659 quoru
250 1578 286 1639 in
308 1578 474 1645 scribendi
495 1581 682 1664 erroribus,
728 1584 820 1649 uelut
844 1587 932 1670 (nour
960 1589 1052 1673 quusi
1078 1604 1232 1674 eqrrnrtn

144 1694 223 1765 parte
243 1680 325 1746 libri
347 1689 481 1752 secundi
514 1689 671 1775 euerupin
700 1712 841 1775 ponnus,
889 1714 995 1778 neque
1026 1705 1134 1756 tnrnen
1157 1716 1230 1757 euru

142 1791 352 1871 exhauriam,
385 1806 421 1857 ut
445 1794 617 1876 adparent,
663 1810 784 1882 quuutu
809 1801 852 1861 sit
873 1800 979 1883 copis)
1004 1801 1230 1883 'iprutuntdt

141 1918 200 1963 esis
221 1919 290 1963 non
314 1900 428 1965 dolere
448 1913 481 1963 et
512 1911 639 1983 posset,
684 1907 726 1967 16
758 1903 963 1967 dissimiliter
993 1917 1026 1967 et
1054 1922 1147 1989 qun,
1190 1906 1228 1966 11

137 2026 239 2089 prope,
264 2009 308 2069 14
326 2012 363 2073 in
386 2014 494 2075 ursino
519 2020 551 2071 et
574 2016 750 2089 asenciente,
774 2013 816 2073 16
837 2010 928 2075 dicct
951 2022 984 2073 et
1001 2018 1105 2095 putnt
1127 2009 1228 2089 dicut,

139 2114 174 2175 16
190 2118 328 2196 pugnis,
351 2116 395 2178 2⁰
415 2135 558 2201 reoque,
582 2116 624 2179 22
643 2125 813 2200 promunt,
836 2119 880 2183 27
898 2126 1027 2192 tauers,
1063 2118 1106 2179 26
1127 2117 1227 2180 uttoru

138 2230 164 2279 et
190 2240 407 2306 quostquam,
451 2234 520 2285 turn
554 2244 710 2295 rrrnxurue
740 2225 775 2285 in
809 2220 939 2287 infinita
968 2223 1107 2307 quuduru
1129 2224 1227 2285 inter-

138 2321 321 2407 pointione,
365 2350 461 2413 qrrorn
485 2339 543 2391 aut
565 2349 663 2391 uoces
680 2326 824 2392 librariis
849 2341 1013 2393 consuetu
1036 2352 1094 2415 pro
1118 2332 1227 2393 rninus

137 2433 214 2495 tritis
248 2432 494 2498 substituuntur
522 2434 577 2516 (15
613 2436 811 2519 perrootgota
841 2457 899 2519 pro
923 2436 1127 2521 pernngntn)
1159 2449 1227 2513 sut,

135 2550 293 2603 structura
315 2542 474 2605 orationis
506 2553 538 2603 et
567 2543 600 2603 ui
627 2563 689 2605 non
714 2554 897 2626 perspectu,
923 2540 1025 2605 uerba
1060 2554 1226 2605 ruutuutor

135 2644 164 2721 (t
184 2644 284 2705 setin
310 2644 449 2723 definire
472 2667 530 2731 pro
552 2650 650 2710 roetirn
685 2647 842 2727 definitus,
888 2650 930 2711 18
953 2648 1065 2725 docet,
1097 2648 1154 2710 ool
1185 2680 1223 2692 -

134 2748 294 2833 distingui
315 2772 374 2835 pro
398 2752 517 2815 docere
541 2753 621 2830 uolt,
643 2788 684 2799 -
705 2753 891 2837 distinguit,
918 2756 961 2815 36
986 2754 1044 2815 oct
1064 2752 1226 2827 diuidere,

132 2851 257 2917 subluto
286 2852 414 2940 figura,
439 2879 497 2942 pro
524 2863 556 2919 si
575 2857 756 2941 diuidere),
784 2859 949 2921 interdum
972 2860 1071 2919 etiarn
1093 2869 1226 2941 propter

134 2976 276 3023 ueterem
307 2962 472 3027 scribendi
496 2965 655 3028 rationem
675 2985 740 3027 nou
774 2961 976 3025 intellectum
1010 2963 1066 3043 (17
1092 2965 1138 3023 sit
1165 2982 1224 3041 pro

131 3071 202 3143 sint,
226 3067 317 3152 quod
337 3076 441 3134 ossns's
464 3068 642 3155 singularis
668 3071 795 3133 numeri
820 3089 894 3131 esse
914 3066 1122 3153 putubatur),
1167 3078 1224 3131 sut
1265 3110 1270 3127 .

130 3192 224 3253 praua
259 3178 465 3240 correctione
505 3176 709 3241 occultantur
748 3177 885 3255 ruenda,
933 3176 1051 3260 purtim
1084 3195 1155 3261 quse
1188 3175 1221 3236 in

131 3282 237 3345 codice
261 3280 441 3368 archetypo
466 3296 606 3347 ernntet
629 3285 662 3346 in
687 3279 880 3345 melioribus
900 3278 1067 3345 codicibus
1089 3292 1221 3344 seruata

127 3402 198 3451 sunt
219 3390 255 3471 (o
276 3393 377 3473 quasi
403 3394 477 3475 quis
507 3410 565 3475 pro
596 3395 669 3475 puis
698 3394 795 3473 qnasi
826 3408 872 3451 ex
904 3392 977 3471 quis
1004 3388 1166 3471 qnoeso‚¹)
1198 3389 1221 3449 u

128 3492 256 3559 iterent
276 3514 336 3581 pro
352 3491 505 3563 teneretur
531 3494 782 3576 exhilaretur,
828 3496 870 3556 16
893 3491 1021 3577 quidern
1050 3514 1110 3577 pro
1135 3492 1219 3554 iden

127 3620 167 3663 ss
186 3602 289 3683 sien),
310 3602 430 3687 purtim
471 3622 544 3686 quse
578 3603 614 3669 in
644 3602 761 3669 horuur
792 3599 939 3665 codicum
968 3600 1115 3683 principe
1143 3611 1220 3661 natu

126 3720 213 3771 erret
235 3706 302 3791 (ΙΙ,
342 3708 388 3771 w
411 3718 446 3770 et
474 3708 537 3787 86,
575 3707 651 3789 nisi,
695 3730 792 3796 quant
812 3706 967 3772 audacter
988 3707 1100 3771 onrniu
1124 3725 1220 3767 uersu

124 3814 202 3893 u'ut,
241 3836 342 3903 quoru
371 3810 478 3878 semei
521 3830 665 3881 erratum
697 3826 802 3893 emet,
842 3810 1009 3875 declarari
1040 3812 1075 3872 in
1108 3810 1219 3890 notis).

125 3918 227 4009 Atque
246 3922 330 4005 hoc,
379 3920 468 4009 quod
495 3934 695 4007 postremum
720 3920 791 3984 dixi
821 3920 862 3984 de
892 3915 1149 4004 interpolatione
1172 3936 1217 3975 cx

126 4026 216 4109 ipsius
235 4030 448 4097 deteriorum
472 4026 619 4097 codicum
644 4027 801 4113 principis
825 4025 952 4089 mendis
982 4036 1080 4100 unta,
1117 4020 1218 4084 latins

125 4148 210 4217 pust.
252 4136 348 4209 Num
376 4146 416 4201 ut
440 4132 487 4213 ΙΙ,
508 4134 552 4201 16
572 4133 734 4198 eiusmodi
757 4132 878 4197 erroris
900 4150 1018 4196 cnussu
1039 4128 1138 4193 etiarn
1161 4125 1218 4188 ud-

121 4274 339 4303 ⁸5—-

139 4350 161 4417 Ἰ
173 4356 191 4425 Ι
203 4362 238 4417 Β
255 4356 356 4417 stin
375 4352 413 4413 iu
431 4350 626 4409 deterioribus
653 4346 708 4403 iror
726 4346 861 4405 meudun
879 4352 1024 4407 rerustum
1044 4345 1081 4391 εἰ·
