<?xml version="1.0" encoding="UTF-8"?>
<!DOCTYPE html PUBLIC "-//W3C//DTD XHTML 1.0 Transitional//EN"
    "http://www.w3.org/TR/xhtml1/DTD/xhtml1-transitional.dtd">
<html xmlns="http://www.w3.org/1999/xhtml" xml:lang="en" lang="en">
 <head>
  <title>
</title>
<meta http-equiv="Content-Type" content="text/html;charset=utf-8" />
  <meta name='ocr-system' content='tesseract 3.04.00' />
  <meta name='ocr-capabilities' content='ocr_page ocr_carea ocr_par ocr_line ocrx_word'/>
</head>
<body>
  <div class='ocr_page' id='page_1' title='image "./mtulliciceronis00madvgoog_0065.png"; bbox 0 0 2706 5018; ppageno 0'>
   <div class='ocr_carea' id='block_1_1' title="bbox 228 371 908 445">
    <p class='ocr_par' dir='ltr' id='par_1_1' title="bbox 228 371 908 445">
     <span class='ocr_line' id='line_1_1' title="bbox 228 371 908 445; baseline -0.015 0"><span class='ocrx_word' id='word_1_1' title='bbox 228 380 309 445; x_wconf 90' lang='lat' dir='ltr'><strong>LlV</strong></span> <span class='ocrx_word' id='word_1_2' title='bbox 401 396 413 408; x_wconf 89' lang='lat'><em>·</em></span> <span class='ocrx_word' id='word_1_3' title='bbox 650 371 908 438; x_wconf 79' lang='lat' dir='ltr'><strong>PRAEFATIO.</strong></span> 
     </span>
    </p>
   </div>
   <div class='ocr_carea' id='block_1_2' title="bbox 207 526 1336 4253">
    <p class='ocr_par' dir='ltr' id='par_1_2' title="bbox 207 526 1336 4253">
     <span class='ocr_line' id='line_1_2' title="bbox 207 526 1320 645; baseline -0.01 -16"><span class='ocrx_word' id='word_1_4' title='bbox 207 569 209 573; x_wconf 80' lang='grc'><strong>’</strong></span> <span class='ocrx_word' id='word_1_5' title='bbox 229 565 312 628; x_wconf 90' lang='lat' dir='ltr'><strong>adeo</strong></span> <span class='ocrx_word' id='word_1_6' title='bbox 341 560 422 626; x_wconf 89' lang='lat' dir='ltr'><strong>mihi</strong></span> <span class='ocrx_word' id='word_1_7' title='bbox 444 573 532 625; x_wconf 87' lang='lat' dir='ltr'><strong>totus</strong></span> <span class='ocrx_word' id='word_1_8' title='bbox 552 581 597 623; x_wconf 90' lang='lat' dir='ltr'><strong>ex</strong></span> <span class='ocrx_word' id='word_1_9' title='bbox 620 558 830 645; x_wconf 77' lang='lat' dir='ltr'><strong>neglegentia</strong></span> <span class='ocrx_word' id='word_1_10' title='bbox 854 568 887 619; x_wconf 95' lang='lat' dir='ltr'><strong>et</strong></span> <span class='ocrx_word' id='word_1_11' title='bbox 910 554 1121 632; x_wconf 83' lang='lat' dir='ltr'><strong>confusione,</strong></span> <span class='ocrx_word' id='word_1_12' title='bbox 1147 526 1320 629; x_wconf 56' lang='lat' dir='ltr'><strong>era⁶Latiui</strong></span> 
     </span>
     <span class='ocr_line' id='line_1_3' title="bbox 232 660 1323 751; baseline -0.01 -16"><span class='ocrx_word' id='word_1_13' title='bbox 232 669 393 735; x_wconf 90' lang='lat' dir='ltr'><strong>sermonis</strong></span> <span class='ocrx_word' id='word_1_14' title='bbox 417 687 544 730; x_wconf 91' lang='lat' dir='ltr'><strong>summa</strong></span> <span class='ocrx_word' id='word_1_15' title='bbox 568 666 775 751; x_wconf 80' lang='lat' dir='ltr'><strong>ignorantia,</strong></span> <span class='ocrx_word' id='word_1_16' title='bbox 800 685 845 727; x_wconf 90' lang='lat' dir='ltr'><strong>ex</strong></span> <span class='ocrx_word' id='word_1_17' title='bbox 869 663 983 748; x_wconf 88' lang='lat' dir='ltr'><strong>ingeni</strong></span> <span class='ocrx_word' id='word_1_18' title='bbox 1007 673 1140 746; x_wconf 82' lang='lat' dir='ltr'>torpore</span> <span class='ocrx_word' id='word_1_19' title='bbox 1163 660 1323 746; x_wconf 88' lang='lat' dir='ltr'><strong>iudicique</strong></span> 
     </span>
     <span class='ocr_line' id='line_1_4' title="bbox 231 763 1326 862; baseline -0.009 -23"><span class='ocrx_word' id='word_1_20' title='bbox 231 776 451 862; x_wconf 90' lang='lat' dir='ltr'><strong>peruersitate</strong></span> <span class='ocrx_word' id='word_1_21' title='bbox 471 794 543 836; x_wconf 85' lang='lat' dir='ltr'><strong>cum</strong></span> <span class='ocrx_word' id='word_1_22' title='bbox 555 769 742 835; x_wconf 84' lang='lat' dir='ltr'><strong>incredibili</strong></span> <span class='ocrx_word' id='word_1_23' title='bbox 754 770 891 856; x_wconf 89' lang='lat' dir='ltr'><strong>quadam</strong></span> <span class='ocrx_word' id='word_1_24' title='bbox 907 768 1075 832; x_wconf 89' lang='lat' dir='ltr'><strong>obliuione</strong></span> <span class='ocrx_word' id='word_1_25' title='bbox 1099 768 1210 852; x_wconf 89' lang='lat' dir='ltr'><strong>(quam</strong></span> <span class='ocrx_word' id='word_1_26' title='bbox 1224 763 1326 831; x_wconf 79' lang='lat' dir='ltr'><strong>Graci</strong></span> 
     </span>
     <span class='ocr_line' id='line_1_5' title="bbox 231 872 1327 966; baseline -0.008 -21"><span class='ocrx_word' id='word_1_27' title='bbox 231 877 422 966; x_wconf 74' lang='lat' dir='ltr'><strong>pscaopr&#39;ott·</strong></span> <span class='ocrx_word' id='word_1_28' title='bbox 443 878 500 945; x_wconf 81' lang='lat' dir='ltr'><strong>troi</strong></span> <span class='ocrx_word' id='word_1_29' title='bbox 529 872 704 965; x_wconf 78' lang='grc' dir='ltr'><strong><em>α’βλεψίαν</em></strong></span> <span class='ocrx_word' id='word_1_30' title='bbox 735 875 938 963; x_wconf 88' lang='lat' dir='ltr'><strong>appellant),</strong></span> <span class='ocrx_word' id='word_1_31' title='bbox 984 874 1125 959; x_wconf 90' lang='lat' dir='ltr'><strong>denique</strong></span> <span class='ocrx_word' id='word_1_32' title='bbox 1164 895 1211 939; x_wconf 84' lang='lat' dir='ltr'><strong>ex</strong></span> <span class='ocrx_word' id='word_1_33' title='bbox 1241 894 1327 939; x_wconf 87' lang='lat' dir='ltr'><strong>arro·</strong></span> 
     </span>
     <span class='ocr_line' id='line_1_6' title="bbox 231 980 1330 1072; baseline -0.006 -22"><span class='ocrx_word' id='word_1_34' title='bbox 231 987 345 1072; x_wconf 87' lang='lat' dir='ltr'><strong>gautiu</strong></span> <span class='ocrx_word' id='word_1_35' title='bbox 361 987 487 1049; x_wconf 85' lang='lat' dir='ltr'><strong>mixtus</strong></span> <span class='ocrx_word' id='word_1_36' title='bbox 498 984 683 1049; x_wconf 85' lang='lat' dir='ltr'><strong>uidebatur.</strong></span> <span class='ocrx_word' id='word_1_37' title='bbox 724 982 833 1047; x_wconf 89' lang='lat' dir='ltr'><strong>Huius</strong></span> <span class='ocrx_word' id='word_1_38' title='bbox 841 980 980 1066; x_wconf 66' lang='lat' dir='ltr'><strong>[etiamsi</strong></span> <span class='ocrx_word' id='word_1_39' title='bbox 991 983 1166 1068; x_wconf 91' lang='lat' dir='ltr'><strong>opiniones</strong></span> <span class='ocrx_word' id='word_1_40' title='bbox 1186 1000 1330 1044; x_wconf 85' lang='lat' dir='ltr'><strong>errores·</strong></span> 
     </span>
     <span class='ocr_line' id='line_1_7' title="bbox 233 1087 1330 1179; baseline -0.005 -24"><span class='ocrx_word' id='word_1_41' title='bbox 233 1114 297 1179; x_wconf 91' lang='lat' dir='ltr'><strong>que</strong></span> <span class='ocrx_word' id='word_1_42' title='bbox 334 1090 477 1157; x_wconf 87' lang='lat' dir='ltr'><strong>relicuos</strong></span> <span class='ocrx_word' id='word_1_43' title='bbox 515 1093 622 1155; x_wconf 90' lang='lat' dir='ltr'><strong>omnis</strong></span> <span class='ocrx_word' id='word_1_44' title='bbox 653 1090 786 1155; x_wconf 89' lang='lat' dir='ltr'><strong>silentio</strong></span> <span class='ocrx_word' id='word_1_45' title='bbox 818 1090 1067 1170; x_wconf 77' lang='lat' dir='ltr'><strong>praetermittere</strong></span> <span class='ocrx_word' id='word_1_46' title='bbox 1098 1087 1330 1165; x_wconf 83' lang='lat' dir='ltr'><strong>decreuissem,</strong></span> 
     </span>
     <span class='ocr_line' id='line_1_8' title="bbox 233 1193 1329 1285; baseline -0.004 -24"><span class='ocrx_word' id='word_1_47' title='bbox 233 1199 321 1285; x_wconf 91' lang='lat' dir='ltr'><strong>quod</strong></span> <span class='ocrx_word' id='word_1_48' title='bbox 345 1200 453 1284; x_wconf 88' lang='lat' dir='ltr'><strong>ipsum</strong></span> <span class='ocrx_word' id='word_1_49' title='bbox 483 1219 557 1263; x_wconf 93' lang='lat' dir='ltr'><strong>cum</strong></span> <span class='ocrx_word' id='word_1_50' title='bbox 587 1194 735 1283; x_wconf 83' lang='lat' dir='ltr'><strong>periculo</strong></span> <span class='ocrx_word' id='word_1_51' title='bbox 768 1193 880 1281; x_wconf 86' lang='lat' dir='ltr'><strong>aliquo</strong></span> <span class='ocrx_word' id='word_1_52' title='bbox 910 1193 1057 1258; x_wconf 87' lang='lat' dir='ltr'><strong>facturus</strong></span> <span class='ocrx_word' id='word_1_53' title='bbox 1088 1215 1178 1258; x_wconf 89' lang='lat' dir='ltr'><strong>eram</strong></span> <span class='ocrx_word' id='word_1_54' title='bbox 1209 1196 1246 1257; x_wconf 89' lang='lat' dir='ltr'><strong>in</strong></span> <span class='ocrx_word' id='word_1_55' title='bbox 1278 1214 1329 1273; x_wconf 87' lang='lat' dir='ltr'><strong>eu,</strong></span> 
     </span>
     <span class='ocr_line' id='line_1_9' title="bbox 234 1300 1330 1390; baseline -0.004 -22"><span class='ocrx_word' id='word_1_56' title='bbox 234 1307 290 1390; x_wconf 95' lang='lat' dir='ltr'><strong>qui</strong></span> <span class='ocrx_word' id='word_1_57' title='bbox 312 1303 389 1368; x_wconf 86' lang='lat' dir='ltr'><strong>aliis</strong></span> <span class='ocrx_word' id='word_1_58' title='bbox 410 1304 482 1368; x_wconf 88' lang='lat' dir='ltr'><strong>dux</strong></span> <span class='ocrx_word' id='word_1_59' title='bbox 498 1303 617 1382; x_wconf 86' lang='lat' dir='ltr'><strong>fuerat,</strong></span> <span class='ocrx_word' id='word_1_60' title='bbox 639 1314 749 1366; x_wconf 90' lang='lat' dir='ltr'><strong>tamen</strong></span> <span class='ocrx_word' id='word_1_61' title='bbox 771 1300 919 1366; x_wconf 88' lang='lat' dir='ltr'><strong>crebram</strong></span> <span class='ocrx_word' id='word_1_62' title='bbox 941 1302 1141 1366; x_wconf 86' lang='lat' dir='ltr'><strong>mentionem</strong></span> <span class='ocrx_word' id='word_1_63' title='bbox 1163 1313 1198 1364; x_wconf 88' lang='lat' dir='ltr'><strong>et</strong></span> <span class='ocrx_word' id='word_1_64' title='bbox 1218 1322 1330 1386; x_wconf 88' lang='lat' dir='ltr'><strong>repre·</strong></span> 
     </span>
     <span class='ocr_line' id='line_1_10' title="bbox 234 1405 1331 1496; baseline -0.002 -23"><span class='ocrx_word' id='word_1_65' title='bbox 234 1410 428 1475; x_wconf 89' lang='lat' dir='ltr'><strong>hensionem</strong></span> <span class='ocrx_word' id='word_1_66' title='bbox 452 1407 663 1496; x_wconf 82' lang='lat' dir='ltr'><strong>postulabant</strong></span> <span class='ocrx_word' id='word_1_67' title='bbox 694 1409 842 1473; x_wconf 91' lang='lat' dir='ltr'><strong>codicum</strong></span> <span class='ocrx_word' id='word_1_68' title='bbox 872 1405 914 1471; x_wconf 90' lang='lat' dir='ltr'><strong>ab</strong></span> <span class='ocrx_word' id='word_1_69' title='bbox 939 1429 979 1472; x_wconf 92' lang='lat' dir='ltr'><strong>eo</strong></span> <span class='ocrx_word' id='word_1_70' title='bbox 1000 1405 1137 1493; x_wconf 66' lang='lat' dir='ltr'><strong>prolatae</strong></span> <span class='ocrx_word' id='word_1_71' title='bbox 1159 1408 1331 1492; x_wconf 72' lang='lat' dir='ltr'><strong>scriptura</strong></span> 
     </span>
     <span class='ocr_line' id='line_1_11' title="bbox 239 1509 1332 1602; baseline -0.003 -24"><span class='ocrx_word' id='word_1_72' title='bbox 239 1513 426 1602; x_wconf 87' lang='lat' dir='ltr'><strong>infinitique</strong></span> <span class='ocrx_word' id='word_1_73' title='bbox 450 1518 485 1580; x_wconf 92' lang='lat' dir='ltr'><strong>in</strong></span> <span class='ocrx_word' id='word_1_74' title='bbox 509 1519 551 1580; x_wconf 90' lang='lat' dir='ltr'><strong>iis</strong></span> <span class='ocrx_word' id='word_1_75' title='bbox 576 1536 705 1580; x_wconf 88' lang='lat' dir='ltr'><strong>errores</strong></span> <span class='ocrx_word' id='word_1_76' title='bbox 727 1515 895 1580; x_wconf 89' lang='lat' dir='ltr'><strong>conmissi.</strong></span> <span class='ocrx_word' id='word_1_77' title='bbox 966 1512 1080 1600; x_wconf 86' lang='lat' dir='ltr'><strong>ltaque</strong></span> <span class='ocrx_word' id='word_1_78' title='bbox 1111 1513 1270 1576; x_wconf 88' lang='lat' dir='ltr'><strong>constitui</strong></span> <span class='ocrx_word' id='word_1_79' title='bbox 1289 1509 1332 1576; x_wconf 89' lang='lat' dir='ltr'><strong>ab</strong></span> 
     </span>
     <span class='ocr_line' id='line_1_12' title="bbox 234 1617 1332 1709; baseline -0.002 -24"><span class='ocrx_word' id='word_1_80' title='bbox 234 1624 330 1686; x_wconf 92' lang='lat' dir='ltr'><strong>initio</strong></span> <span class='ocrx_word' id='word_1_81' title='bbox 353 1620 564 1709; x_wconf 90' lang='lat' dir='ltr'><strong>opprobrium</strong></span> <span class='ocrx_word' id='word_1_82' title='bbox 594 1622 658 1686; x_wconf 88' lang='lat' dir='ltr'><strong>hoc</strong></span> <span class='ocrx_word' id='word_1_83' title='bbox 682 1643 724 1686; x_wconf 87' lang='lat' dir='ltr'><strong>ex</strong></span> <span class='ocrx_word' id='word_1_84' title='bbox 756 1620 876 1686; x_wconf 91' lang='lat' dir='ltr'><strong>litteris</strong></span> <span class='ocrx_word' id='word_1_85' title='bbox 909 1622 1030 1684; x_wconf 87' lang='lat' dir='ltr'><strong>nostris</strong></span> <span class='ocrx_word' id='word_1_86' title='bbox 1052 1618 1172 1684; x_wconf 88' lang='lat' dir='ltr'><strong>tollere</strong></span> <span class='ocrx_word' id='word_1_87' title='bbox 1196 1633 1231 1683; x_wconf 88' lang='lat' dir='ltr'><strong>at</strong></span> <span class='ocrx_word' id='word_1_88' title='bbox 1254 1617 1332 1684; x_wconf 85' lang='lat' dir='ltr'><strong>ecfi-</strong></span> 
     </span>
     <span class='ocr_line' id='line_1_13' title="bbox 234 1725 1334 1815; baseline -0.002 -22"><span class='ocrx_word' id='word_1_89' title='bbox 234 1750 331 1808; x_wconf 86' lang='lat' dir='ltr'><strong>cere,</strong></span> <span class='ocrx_word' id='word_1_90' title='bbox 354 1741 409 1809; x_wconf 91' lang='lat' dir='ltr'><strong>ut,</strong></span> <span class='ocrx_word' id='word_1_91' title='bbox 452 1728 570 1814; x_wconf 88' lang='lat' dir='ltr'><strong>quibus</strong></span> <span class='ocrx_word' id='word_1_92' title='bbox 592 1727 642 1792; x_wconf 79' lang='lat' dir='ltr'><strong>ha</strong></span> <span class='ocrx_word' id='word_1_93' title='bbox 664 1747 760 1815; x_wconf 76' lang='lat' dir='ltr'><strong>nuga.</strong></span> <span class='ocrx_word' id='word_1_94' title='bbox 778 1741 812 1791; x_wconf 91' lang='lat' dir='ltr'><strong>et</strong></span> <span class='ocrx_word' id='word_1_95' title='bbox 832 1725 1017 1812; x_wconf 72' lang='lat' dir='ltr'><strong>quisquiliae</strong></span> <span class='ocrx_word' id='word_1_96' title='bbox 1038 1728 1254 1790; x_wconf 82' lang='lat' dir='ltr'><strong>inanissumta</strong></span> <span class='ocrx_word' id='word_1_97' title='bbox 1276 1740 1334 1791; x_wconf 86' lang='lat' dir='ltr'><strong>aut</strong></span> 
     </span>
     <span class='ocr_line' id='line_1_14' title="bbox 234 1831 1332 1921; baseline -0.002 -23"><span class='ocrx_word' id='word_1_98' title='bbox 234 1833 439 1921; x_wconf 80' lang='lat' dir='ltr'><strong>placuissent</strong></span> <span class='ocrx_word' id='word_1_99' title='bbox 459 1848 517 1900; x_wconf 90' lang='lat' dir='ltr'><strong>aut</strong></span> <span class='ocrx_word' id='word_1_100' title='bbox 540 1836 748 1900; x_wconf 86' lang='lat' dir='ltr'><strong>mediocriter</strong></span> <span class='ocrx_word' id='word_1_101' title='bbox 770 1832 1026 1918; x_wconf 77' lang='lat' dir='ltr'><strong>displicuissent,</strong></span> <span class='ocrx_word' id='word_1_102' title='bbox 1051 1831 1130 1899; x_wconf 85' lang='lat' dir='ltr'><strong>illos</strong></span> <span class='ocrx_word' id='word_1_103' title='bbox 1153 1833 1257 1899; x_wconf 87' lang='lat' dir='ltr'><strong>iudici</strong></span> <span class='ocrx_word' id='word_1_104' title='bbox 1280 1836 1332 1897; x_wconf 88' lang='lat' dir='ltr'><strong>sui</strong></span> 
     </span>
     <span class='ocr_line' id='line_1_15' title="bbox 235 1940 1332 2028; baseline -0.001 -23"><span class='ocrx_word' id='word_1_105' title='bbox 235 1944 419 2028; x_wconf 87' lang='lat' dir='ltr'><strong>poeniteret</strong></span> <span class='ocrx_word' id='word_1_106' title='bbox 440 1955 474 2006; x_wconf 89' lang='lat' dir='ltr'><strong>et</strong></span> <span class='ocrx_word' id='word_1_107' title='bbox 498 1940 620 2027; x_wconf 90' lang='lat' dir='ltr'><strong>aliquid</strong></span> <span class='ocrx_word' id='word_1_108' title='bbox 643 1942 684 2006; x_wconf 89' lang='lat' dir='ltr'><strong>de</strong></span> <span class='ocrx_word' id='word_1_109' title='bbox 707 1959 768 2003; x_wconf 88' lang='lat' dir='ltr'><strong>sua</strong></span> <span class='ocrx_word' id='word_1_110' title='bbox 788 1941 927 2004; x_wconf 91' lang='lat' dir='ltr'><strong>scientia</strong></span> <span class='ocrx_word' id='word_1_111' title='bbox 949 1941 1144 2026; x_wconf 81' lang='lat' dir='ltr'><strong>cogitarent,</strong></span> <span class='ocrx_word' id='word_1_112' title='bbox 1163 1951 1332 2025; x_wconf 86' lang='lat' dir='ltr'><strong>postremo</strong></span> 
     </span>
     <span class='ocr_line' id='line_1_16' title="bbox 236 2045 1331 2133; baseline 0 -23"><span class='ocrx_word' id='word_1_113' title='bbox 236 2048 373 2131; x_wconf 89' lang='lat' dir='ltr'><strong>posthac</strong></span> <span class='ocrx_word' id='word_1_114' title='bbox 395 2069 451 2111; x_wconf 89' lang='lat' dir='ltr'><strong>eas</strong></span> <span class='ocrx_word' id='word_1_115' title='bbox 475 2067 721 2112; x_wconf 84' lang='lat' dir='ltr'><strong>conmemorare</strong></span> <span class='ocrx_word' id='word_1_116' title='bbox 743 2046 893 2131; x_wconf 87' lang='lat' dir='ltr'><strong>puderet.</strong></span> <span class='ocrx_word' id='word_1_117' title='bbox 952 2045 995 2109; x_wconf 85' lang='lat' dir='ltr'><strong>Et</strong></span> <span class='ocrx_word' id='word_1_118' title='bbox 1018 2067 1214 2131; x_wconf 91' lang='lat' dir='ltr'><strong>quamquam</strong></span> <span class='ocrx_word' id='word_1_119' title='bbox 1238 2067 1331 2133; x_wconf 84' lang='lat' dir='ltr'><strong>paene</strong></span> 
     </span>
     <span class='ocr_line' id='line_1_17' title="bbox 235 2150 1332 2239; baseline 0.002 -25"><span class='ocrx_word' id='word_1_120' title='bbox 235 2150 442 2216; x_wconf 88' lang='lat' dir='ltr'><strong>incredibilia</strong></span> <span class='ocrx_word' id='word_1_121' title='bbox 464 2166 552 2231; x_wconf 87' lang='lat' dir='ltr'><strong>sunt,</strong></span> <span class='ocrx_word' id='word_1_122' title='bbox 574 2173 645 2239; x_wconf 81' lang='lat' dir='ltr'><strong>quoe</strong></span> <span class='ocrx_word' id='word_1_123' title='bbox 668 2153 703 2215; x_wconf 92' lang='lat' dir='ltr'><strong>in</strong></span> <span class='ocrx_word' id='word_1_124' title='bbox 726 2154 959 2217; x_wconf 88' lang='lat' dir='ltr'><strong>commentario</strong></span> <span class='ocrx_word' id='word_1_125' title='bbox 981 2151 1143 2238; x_wconf 79' lang='lat' dir='ltr'><strong>plurumis</strong></span> <span class='ocrx_word' id='word_1_126' title='bbox 1166 2151 1251 2217; x_wconf 91' lang='lat' dir='ltr'><strong>locis</strong></span> <span class='ocrx_word' id='word_1_127' title='bbox 1276 2174 1332 2216; x_wconf 90' lang='lat' dir='ltr'><strong>no·</strong></span> 
     </span>
     <span class='ocr_line' id='line_1_18' title="bbox 237 2255 1330 2345; baseline 0.002 -25"><span class='ocrx_word' id='word_1_128' title='bbox 237 2259 305 2321; x_wconf 92' lang='lat' dir='ltr'><strong>tani</strong></span> <span class='ocrx_word' id='word_1_129' title='bbox 329 2255 371 2320; x_wconf 89' lang='lat' dir='ltr'><strong>ab</strong></span> <span class='ocrx_word' id='word_1_130' title='bbox 397 2280 436 2322; x_wconf 90' lang='lat' dir='ltr'><strong>eo</strong></span> <span class='ocrx_word' id='word_1_131' title='bbox 460 2271 612 2345; x_wconf 88' lang='lat' dir='ltr'><strong>peccata,</strong></span> <span class='ocrx_word' id='word_1_132' title='bbox 656 2271 784 2339; x_wconf 87' lang='lat' dir='ltr'><strong>tamen,</strong></span> <span class='ocrx_word' id='word_1_133' title='bbox 807 2272 843 2322; x_wconf 95' lang='lat' dir='ltr'><strong>ut</strong></span> <span class='ocrx_word' id='word_1_134' title='bbox 864 2261 897 2322; x_wconf 93' lang='lat' dir='ltr'><strong>in</strong></span> <span class='ocrx_word' id='word_1_135' title='bbox 920 2260 1035 2345; x_wconf 91' lang='lat' dir='ltr'><strong>qnauis</strong></span> <span class='ocrx_word' id='word_1_136' title='bbox 1058 2261 1205 2323; x_wconf 90' lang='lat' dir='ltr'><strong>minuma</strong></span> <span class='ocrx_word' id='word_1_137' title='bbox 1229 2270 1264 2322; x_wconf 92' lang='lat' dir='ltr'><strong>et</strong></span> <span class='ocrx_word' id='word_1_138' title='bbox 1284 2257 1330 2322; x_wconf 85' lang='lat' dir='ltr'><strong>la·</strong></span> 
     </span>
     <span class='ocr_line' id='line_1_19' title="bbox 236 2360 1331 2451; baseline 0.003 -26"><span class='ocrx_word' id='word_1_139' title='bbox 236 2361 374 2427; x_wconf 89' lang='lat' dir='ltr'><strong>cilluma</strong></span> <span class='ocrx_word' id='word_1_140' title='bbox 396 2384 431 2426; x_wconf 90' lang='lat' dir='ltr'><strong>re</strong></span> <span class='ocrx_word' id='word_1_141' title='bbox 454 2375 487 2426; x_wconf 92' lang='lat' dir='ltr'><strong>et</strong></span> <span class='ocrx_word' id='word_1_142' title='bbox 511 2360 553 2426; x_wconf 93' lang='lat' dir='ltr'><strong>ab</strong></span> <span class='ocrx_word' id='word_1_143' title='bbox 588 2366 677 2428; x_wconf 92' lang='lat' dir='ltr'><strong>omni</strong></span> <span class='ocrx_word' id='word_1_144' title='bbox 700 2377 793 2451; x_wconf 87' lang='lat' dir='ltr'><strong>parte</strong></span> <span class='ocrx_word' id='word_1_145' title='bbox 816 2363 935 2428; x_wconf 88' lang='lat' dir='ltr'><strong>similis</strong></span> <span class='ocrx_word' id='word_1_146' title='bbox 958 2366 1010 2428; x_wconf 88' lang='lat' dir='ltr'><strong>sui</strong></span> <span class='ocrx_word' id='word_1_147' title='bbox 1040 2365 1231 2444; x_wconf 87' lang='lat' dir='ltr'><strong>uideretur,</strong></span> <span class='ocrx_word' id='word_1_148' title='bbox 1276 2365 1331 2428; x_wconf 89' lang='lat' dir='ltr'><strong>de·</strong></span> 
     </span>
     <span class='ocr_line' id='line_1_20' title="bbox 237 2467 1329 2557; baseline 0.004 -25"><span class='ocrx_word' id='word_1_149' title='bbox 237 2489 405 2533; x_wconf 87' lang='lat' dir='ltr'><strong>creueram</strong></span> <span class='ocrx_word' id='word_1_150' title='bbox 444 2468 498 2533; x_wconf 89' lang='lat' dir='ltr'><strong>hic</strong></span> <span class='ocrx_word' id='word_1_151' title='bbox 531 2470 658 2554; x_wconf 89' lang='lat' dir='ltr'><strong>copiam</strong></span> <span class='ocrx_word' id='word_1_152' title='bbox 688 2470 850 2555; x_wconf 91' lang='lat' dir='ltr'><strong>quandam</strong></span> <span class='ocrx_word' id='word_1_153' title='bbox 882 2467 1112 2554; x_wconf 91' lang='lat' dir='ltr'><strong>exemplorum</strong></span> <span class='ocrx_word' id='word_1_154' title='bbox 1145 2473 1329 2557; x_wconf 83' lang='lat' dir='ltr'><strong>generatim</strong></span> 
     </span>
     <span class='ocr_line' id='line_1_21' title="bbox 236 2572 1332 2660; baseline 0.003 -23"><span class='ocrx_word' id='word_1_155' title='bbox 236 2595 418 2660; x_wconf 84' lang='lat' dir='ltr'><strong>exponere.</strong></span> <span class='ocrx_word' id='word_1_156' title='bbox 464 2572 648 2640; x_wconf 88' lang='lat' dir='ltr'><strong>Uidebutur</strong></span> <span class='ocrx_word' id='word_1_157' title='bbox 670 2578 757 2639; x_wconf 90' lang='lat' dir='ltr'><strong>enim</strong></span> <span class='ocrx_word' id='word_1_158' title='bbox 780 2597 833 2639; x_wconf 87' lang='lat' dir='ltr'><strong>res</strong></span> <span class='ocrx_word' id='word_1_159' title='bbox 857 2577 1113 2640; x_wconf 89' lang='lat' dir='ltr'><strong>admonitionem</strong></span> <span class='ocrx_word' id='word_1_160' title='bbox 1143 2597 1209 2640; x_wconf 96' lang='lat' dir='ltr'><strong>non</strong></span> <span class='ocrx_word' id='word_1_161' title='bbox 1231 2577 1332 2640; x_wconf 90' lang='lat' dir='ltr'><strong>inuti·</strong></span> 
     </span>
     <span class='ocr_line' id='line_1_22' title="bbox 236 2678 1332 2769; baseline 0.005 -27"><span class='ocrx_word' id='word_1_162' title='bbox 236 2678 302 2743; x_wconf 93' lang='lat' dir='ltr'><strong>lem</strong></span> <span class='ocrx_word' id='word_1_163' title='bbox 325 2679 488 2745; x_wconf 89' lang='lat' dir='ltr'><strong>habitura.</strong></span> <span class='ocrx_word' id='word_1_164' title='bbox 540 2681 605 2746; x_wconf 86' lang='lat' dir='ltr'><strong>Sed</strong></span> <span class='ocrx_word' id='word_1_165' title='bbox 628 2684 781 2768; x_wconf 85' lang='lat' dir='ltr'><strong>quoniam</strong></span> <span class='ocrx_word' id='word_1_166' title='bbox 807 2680 882 2769; x_wconf 92' lang='lat' dir='ltr'><strong>plus</strong></span> <span class='ocrx_word' id='word_1_167' title='bbox 904 2684 971 2746; x_wconf 86' lang='lat' dir='ltr'><strong>iam</strong></span> <span class='ocrx_word' id='word_1_168' title='bbox 1001 2680 1060 2745; x_wconf 88' lang='lat' dir='ltr'><strong>ille</strong></span> <span class='ocrx_word' id='word_1_169' title='bbox 1090 2684 1125 2745; x_wconf 92' lang='lat' dir='ltr'><strong>in</strong></span> <span class='ocrx_word' id='word_1_170' title='bbox 1149 2704 1224 2746; x_wconf 92' lang='lat' dir='ltr'><strong>meo</strong></span> <span class='ocrx_word' id='word_1_171' title='bbox 1245 2681 1332 2748; x_wconf 89' lang='lat' dir='ltr'><strong>libro</strong></span> 
     </span>
     <span class='ocr_line' id='line_1_23' title="bbox 236 2784 1334 2877; baseline 0.003 -26"><span class='ocrx_word' id='word_1_172' title='bbox 236 2784 363 2851; x_wconf 87' lang='lat' dir='ltr'><strong>obtinet</strong></span> <span class='ocrx_word' id='word_1_173' title='bbox 384 2785 462 2867; x_wconf 92' lang='lat' dir='ltr'><strong>loci,</strong></span> <span class='ocrx_word' id='word_1_174' title='bbox 483 2809 582 2875; x_wconf 92' lang='lat' dir='ltr'><strong>quam</strong></span> <span class='ocrx_word' id='word_1_175' title='bbox 605 2786 758 2869; x_wconf 89' lang='lat' dir='ltr'><strong>debebat,</strong></span> <span class='ocrx_word' id='word_1_176' title='bbox 782 2801 954 2853; x_wconf 90' lang='lat' dir='ltr'><strong>contentus</strong></span> <span class='ocrx_word' id='word_1_177' title='bbox 976 2809 1032 2852; x_wconf 90' lang='lat' dir='ltr'><strong>ero</strong></span> <span class='ocrx_word' id='word_1_178' title='bbox 1054 2789 1114 2866; x_wconf 88' lang='lat' dir='ltr'><strong>iis,</strong></span> <span class='ocrx_word' id='word_1_179' title='bbox 1136 2809 1210 2874; x_wconf 82' lang='lat' dir='ltr'><strong>quse</strong></span> <span class='ocrx_word' id='word_1_180' title='bbox 1232 2809 1334 2877; x_wconf 86' lang='lat' dir='ltr'><strong>snpra</strong></span> 
     </span>
     <span class='ocr_line' id='line_1_24' title="bbox 236 2892 1335 2984; baseline 0.002 -26"><span class='ocrx_word' id='word_1_181' title='bbox 236 2893 282 2978; x_wconf 89' lang='lat' dir='ltr'><strong>(p.</strong></span> <span class='ocrx_word' id='word_1_182' title='bbox 305 2892 359 2958; x_wconf 86' lang='lat' dir='ltr'><strong>Xl</strong></span> <span class='ocrx_word' id='word_1_183' title='bbox 383 2895 466 2981; x_wconf 86' lang='lat' dir='ltr'><strong>sqq.)</strong></span> <span class='ocrx_word' id='word_1_184' title='bbox 490 2895 532 2960; x_wconf 90' lang='lat' dir='ltr'><strong>de</strong></span> <span class='ocrx_word' id='word_1_185' title='bbox 554 2918 619 2960; x_wconf 93' lang='lat' dir='ltr'><strong>uuo</strong></span> <span class='ocrx_word' id='word_1_186' title='bbox 644 2917 767 2984; x_wconf 88' lang='lat' dir='ltr'><strong>genere</strong></span> <span class='ocrx_word' id='word_1_187' title='bbox 785 2897 904 2983; x_wconf 88' lang='lat' dir='ltr'><strong>posui,</strong></span> <span class='ocrx_word' id='word_1_188' title='bbox 934 2894 1105 2981; x_wconf 88' lang='lat' dir='ltr'><strong>dicamque</strong></span> <span class='ocrx_word' id='word_1_189' title='bbox 1128 2892 1278 2960; x_wconf 86' lang='lat' dir='ltr'><strong>breuiter</strong></span> <span class='ocrx_word' id='word_1_190' title='bbox 1300 2909 1335 2960; x_wconf 86' lang='lat' dir='ltr'><strong>et</strong></span> 
     </span>
     <span class='ocr_line' id='line_1_25' title="bbox 235 3001 1332 3088; baseline 0.005 -28"><span class='ocrx_word' id='word_1_191' title='bbox 235 3001 410 3079; x_wconf 82' lang='lat' dir='ltr'><strong>uniuerso,</strong></span> <span class='ocrx_word' id='word_1_192' title='bbox 451 3002 560 3087; x_wconf 89' lang='lat' dir='ltr'><strong>qualis</strong></span> <span class='ocrx_word' id='word_1_193' title='bbox 590 3006 696 3070; x_wconf 89' lang='lat' dir='ltr'><strong>omnis</strong></span> <span class='ocrx_word' id='word_1_194' title='bbox 728 3002 787 3067; x_wconf 88' lang='lat' dir='ltr'><strong>illa</strong></span> <span class='ocrx_word' id='word_1_195' title='bbox 811 3023 910 3088; x_wconf 86' lang='lat' dir='ltr'><strong>opera</strong></span> <span class='ocrx_word' id='word_1_196' title='bbox 931 3002 994 3074; x_wconf 83' lang='lat' dir='ltr'><strong>sit3</strong></span> <span class='ocrx_word' id='word_1_197' title='bbox 1042 3001 1233 3065; x_wconf 87' lang='lat' dir='ltr'><strong>testimonia</strong></span> <span class='ocrx_word' id='word_1_198' title='bbox 1263 3002 1332 3067; x_wconf 84' lang='lat' dir='ltr'><strong>lor·</strong></span> 
     </span>
     <span class='ocr_line' id='line_1_26' title="bbox 236 3104 1334 3193; baseline 0.005 -27"><span class='ocrx_word' id='word_1_199' title='bbox 236 3116 324 3167; x_wconf 89' lang='lat' dir='ltr'><strong>tasse</strong></span> <span class='ocrx_word' id='word_1_200' title='bbox 346 3104 452 3184; x_wconf 90' lang='lat' dir='ltr'><strong>dabo,</strong></span> <span class='ocrx_word' id='word_1_201' title='bbox 501 3111 530 3171; x_wconf 91' lang='lat' dir='ltr'><strong>si</strong></span> <span class='ocrx_word' id='word_1_202' title='bbox 559 3111 632 3193; x_wconf 92' lang='lat' dir='ltr'><strong>quis</strong></span> <span class='ocrx_word' id='word_1_203' title='bbox 656 3110 806 3172; x_wconf 89' lang='lat' dir='ltr'><strong>extiterit</strong></span> <span class='ocrx_word' id='word_1_204' title='bbox 825 3108 995 3185; x_wconf 87' lang='lat' dir='ltr'><strong>defensor,</strong></span> <span class='ocrx_word' id='word_1_205' title='bbox 1040 3108 1195 3192; x_wconf 89' lang='lat' dir='ltr'><strong>quoniam</strong></span> <span class='ocrx_word' id='word_1_206' title='bbox 1221 3105 1334 3188; x_wconf 93' lang='lat' dir='ltr'><strong>uideo,</strong></span> 
     </span>
     <span class='ocr_line' id='line_1_27' title="bbox 236 3207 1335 3298; baseline 0.006 -27"><span class='ocrx_word' id='word_1_207' title='bbox 236 3230 334 3293; x_wconf 91' lang='lat' dir='ltr'><strong>quom</strong></span> <span class='ocrx_word' id='word_1_208' title='bbox 358 3207 395 3272; x_wconf 88' lang='lat' dir='ltr'><strong>C.</strong></span> <span class='ocrx_word' id='word_1_209' title='bbox 419 3207 557 3276; x_wconf 91' lang='lat' dir='ltr'><strong>Beierus</strong></span> <span class='ocrx_word' id='word_1_210' title='bbox 579 3234 700 3298; x_wconf 88' lang='lat' dir='ltr'><strong>paucos</strong></span> <span class='ocrx_word' id='word_1_211' title='bbox 735 3211 898 3276; x_wconf 85' lang='lat' dir='ltr'><strong>Goerenzi</strong></span> <span class='ocrx_word' id='word_1_212' title='bbox 922 3232 1050 3277; x_wconf 89' lang='lat' dir='ltr'><strong>errores</strong></span> <span class='ocrx_word' id='word_1_213' title='bbox 1074 3214 1168 3298; x_wconf 87' lang='lat' dir='ltr'><strong>quasi</strong></span> <span class='ocrx_word' id='word_1_214' title='bbox 1198 3226 1335 3298; x_wconf 71' lang='lat' dir='ltr'><strong>proeter3</strong></span> 
     </span>
     <span class='ocr_line' id='line_1_28' title="bbox 235 3316 1336 3403; baseline 0.008 -28"><span class='ocrx_word' id='word_1_215' title='bbox 235 3316 307 3376; x_wconf 89' lang='lat' dir='ltr'><strong>iens</strong></span> <span class='ocrx_word' id='word_1_216' title='bbox 338 3326 506 3395; x_wconf 88' lang='lat' dir='ltr'><strong>notasset,</strong></span> <span class='ocrx_word' id='word_1_217' title='bbox 551 3339 614 3381; x_wconf 90' lang='lat' dir='ltr'><strong>non</strong></span> <span class='ocrx_word' id='word_1_218' title='bbox 655 3317 819 3395; x_wconf 82' lang='lat' dir='ltr'><strong>defuisse,</strong></span> <span class='ocrx_word' id='word_1_219' title='bbox 845 3319 900 3403; x_wconf 90' lang='lat' dir='ltr'><strong>qui</strong></span> <span class='ocrx_word' id='word_1_220' title='bbox 920 3338 1071 3381; x_wconf 82' lang='lat' dir='ltr'><strong>rtcmmum</strong></span> <span class='ocrx_word' id='word_1_221' title='bbox 1093 3321 1201 3380; x_wconf 77' lang='lat' dir='ltr'><strong>utrum</strong></span> <span class='ocrx_word' id='word_1_222' title='bbox 1227 3326 1261 3382; x_wconf 81' lang='lat' dir='ltr'><strong>et</strong></span> <span class='ocrx_word' id='word_1_223' title='bbox 1281 3324 1336 3384; x_wconf 75' lang='grc' dir='ltr'><strong>ὑι-</strong></span> 
     </span>
     <span class='ocr_line' id='line_1_29' title="bbox 235 3419 1334 3491; baseline 0.007 -9"><span class='ocrx_word' id='word_1_224' title='bbox 235 3419 420 3482; x_wconf 75' lang='lat' dir='ltr'><strong>mortaliter</strong></span> <span class='ocrx_word' id='word_1_225' title='bbox 453 3421 494 3486; x_wconf 86' lang='lat' dir='ltr'><strong>dc</strong></span> <span class='ocrx_word' id='word_1_226' title='bbox 538 3422 695 3487; x_wconf 77' lang='lat' dir='ltr'><strong>Cicerone</strong></span> <span class='ocrx_word' id='word_1_227' title='bbox 731 3430 880 3489; x_wconf 71' lang='lat' dir='ltr'><strong>meretum</strong></span> <span class='ocrx_word' id='word_1_228' title='bbox 915 3423 1108 3488; x_wconf 88' lang='lat' dir='ltr'><strong>uindicaret.</strong></span> <span class='ocrx_word' id='word_1_229' title='bbox 1180 3423 1248 3489; x_wconf 88' lang='lat' dir='ltr'><strong>Sed</strong></span> <span class='ocrx_word' id='word_1_230' title='bbox 1278 3424 1334 3491; x_wconf 91' lang='lat' dir='ltr'><strong>hic</strong></span> 
     </span>
     <span class='ocr_line' id='line_1_30' title="bbox 235 3514 1335 3614; baseline 0.008 -26"><span class='ocrx_word' id='word_1_231' title='bbox 235 3546 380 3589; x_wconf 88' lang='lat' dir='ltr'><strong>summus</strong></span> <span class='ocrx_word' id='word_1_232' title='bbox 406 3528 457 3592; x_wconf 89' lang='lat' dir='ltr'><strong>nir</strong></span> <span class='ocrx_word' id='word_1_233' title='bbox 489 3530 680 3614; x_wconf 72' lang='lat' dir='ltr'><strong>saepissume</strong></span> <span class='ocrx_word' id='word_1_234' title='bbox 718 3532 752 3594; x_wconf 93' lang='lat' dir='ltr'><strong>in</strong></span> <span class='ocrx_word' id='word_1_235' title='bbox 784 3533 966 3595; x_wconf 88' lang='lat' dir='ltr'><strong>notissumo</strong></span> <span class='ocrx_word' id='word_1_236' title='bbox 996 3514 1172 3595; x_wconf 87' lang='lat' dir='ltr'><strong>uerborum</strong></span> <span class='ocrx_word' id='word_1_237' title='bbox 1203 3552 1269 3595; x_wconf 90' lang='lat' dir='ltr'><strong>usu</strong></span> <span class='ocrx_word' id='word_1_238' title='bbox 1299 3545 1335 3597; x_wconf 89' lang='lat' dir='ltr'><strong>et</strong></span> 
     </span>
     <span class='ocr_line' id='line_1_31' title="bbox 233 3631 1333 3726; baseline 0.011 -33"><span class='ocrx_word' id='word_1_239' title='bbox 233 3632 384 3696; x_wconf 90' lang='lat' dir='ltr'><strong>iunctura</strong></span> <span class='ocrx_word' id='word_1_240' title='bbox 407 3631 579 3720; x_wconf 87' lang='lat' dir='ltr'><strong>pueriliter</strong></span> <span class='ocrx_word' id='word_1_241' title='bbox 601 3649 709 3716; x_wconf 86' lang='lat' dir='ltr'><strong>errat3</strong></span> <span class='ocrx_word' id='word_1_242' title='bbox 732 3640 761 3702; x_wconf 90' lang='lat' dir='ltr'><strong>si</strong></span> <span class='ocrx_word' id='word_1_243' title='bbox 782 3661 845 3726; x_wconf 91' lang='lat' dir='ltr'><strong>qua</strong></span> <span class='ocrx_word' id='word_1_244' title='bbox 869 3651 899 3702; x_wconf 89' lang='lat' dir='ltr'><strong>st</strong></span> <span class='ocrx_word' id='word_1_245' title='bbox 921 3649 1009 3702; x_wconf 93' lang='lat' dir='ltr'><strong>mota</strong></span> <span class='ocrx_word' id='word_1_246' title='bbox 1030 3634 1212 3718; x_wconf 89' lang='lat' dir='ltr'><strong>dubitatio,</strong></span> <span class='ocrx_word' id='word_1_247' title='bbox 1258 3639 1333 3705; x_wconf 80' lang='lat' dir='ltr'><strong>fere</strong></span> 
     </span>
     <span class='ocr_line' id='line_1_32' title="bbox 233 3741 1331 3830; baseline 0.008 -30"><span class='ocrx_word' id='word_1_248' title='bbox 233 3758 410 3823; x_wconf 88' lang='lat' dir='ltr'><strong>numquam</strong></span> <span class='ocrx_word' id='word_1_249' title='bbox 431 3741 512 3819; x_wconf 91' lang='lat' dir='ltr'><strong>scit,</strong></span> <span class='ocrx_word' id='word_1_250' title='bbox 559 3742 638 3828; x_wconf 92' lang='lat' dir='ltr'><strong>quid</strong></span> <span class='ocrx_word' id='word_1_251' title='bbox 660 3756 799 3830; x_wconf 90' lang='lat' dir='ltr'><strong>agatur,</strong></span> <span class='ocrx_word' id='word_1_252' title='bbox 829 3765 935 3830; x_wconf 87' lang='lat' dir='ltr'><strong>neque</strong></span> <span class='ocrx_word' id='word_1_253' title='bbox 960 3765 1028 3807; x_wconf 89' lang='lat' dir='ltr'><strong>rom</strong></span> <span class='ocrx_word' id='word_1_254' title='bbox 1052 3742 1093 3806; x_wconf 88' lang='lat' dir='ltr'><strong>ad</strong></span> <span class='ocrx_word' id='word_1_255' title='bbox 1116 3741 1331 3828; x_wconf 76' lang='lat' dir='ltr'><strong>quarendum</strong></span> 
     </span>
     <span class='ocr_line' id='line_1_33' title="bbox 231 3847 1331 3936; baseline 0.008 -29"><span class='ocrx_word' id='word_1_256' title='bbox 231 3847 434 3928; x_wconf 87' lang='lat' dir='ltr'><strong>propositam</strong></span> <span class='ocrx_word' id='word_1_257' title='bbox 456 3859 566 3911; x_wconf 91' lang='lat' dir='ltr'><strong>mente</strong></span> <span class='ocrx_word' id='word_1_258' title='bbox 588 3851 749 3936; x_wconf 84' lang='lat' dir='ltr'><strong>concipit3</strong></span> <span class='ocrx_word' id='word_1_259' title='bbox 794 3872 891 3935; x_wconf 88' lang='lat' dir='ltr'><strong>quom</strong></span> <span class='ocrx_word' id='word_1_260' title='bbox 925 3848 965 3913; x_wconf 91' lang='lat' dir='ltr'><strong>de</strong></span> <span class='ocrx_word' id='word_1_261' title='bbox 988 3849 1137 3912; x_wconf 91' lang='lat' dir='ltr'><strong>oratioue</strong></span> <span class='ocrx_word' id='word_1_262' title='bbox 1160 3853 1331 3934; x_wconf 82' lang='lat' dir='ltr'><strong>quaritur,</strong></span> 
     </span>
     <span class='ocr_line' id='line_1_34' title="bbox 232 3950 1331 4039; baseline 0.01 -28"><span class='ocrx_word' id='word_1_263' title='bbox 232 3950 260 4011; x_wconf 89' lang='lat' dir='ltr'><strong>si</strong></span> <span class='ocrx_word' id='word_1_264' title='bbox 285 3951 320 4013; x_wconf 89' lang='lat' dir='ltr'><strong>in</strong></span> <span class='ocrx_word' id='word_1_265' title='bbox 343 3953 589 4039; x_wconf 72' lang='lat' dir='ltr'><strong>interrogation</strong></span> <span class='ocrx_word' id='word_1_266' title='bbox 611 3957 782 4019; x_wconf 74' lang='lat' dir='ltr'><strong>sententiar</strong></span> <span class='ocrx_word' id='word_1_267' title='bbox 805 3957 902 4020; x_wconf 91' lang='lat' dir='ltr'><strong>modo</strong></span> <span class='ocrx_word' id='word_1_268' title='bbox 928 3954 1089 4033; x_wconf 73' lang='lat' dir='ltr'><strong>haeretur,</strong></span> <span class='ocrx_word' id='word_1_269' title='bbox 1125 3952 1186 4018; x_wconf 88' lang='lat' dir='ltr'><strong>ille</strong></span> <span class='ocrx_word' id='word_1_270' title='bbox 1209 3955 1253 4020; x_wconf 90' lang='lat' dir='ltr'><strong>de</strong></span> <span class='ocrx_word' id='word_1_271' title='bbox 1278 3980 1331 4022; x_wconf 90' lang='lat' dir='ltr'><strong>re·</strong></span> 
     </span>
     <span class='ocr_line' id='line_1_35' title="bbox 231 4052 1328 4153; baseline 0.012 -38"><span class='ocrx_word' id='word_1_272' title='bbox 231 4052 336 4118; x_wconf 86' lang='lat' dir='ltr'><strong>latius</strong></span> <span class='ocrx_word' id='word_1_273' title='bbox 360 4057 451 4138; x_wconf 89' lang='lat' dir='ltr'><strong>dicit,</strong></span> <span class='ocrx_word' id='word_1_274' title='bbox 470 4061 500 4122; x_wconf 90' lang='lat' dir='ltr'><strong>si</strong></span> <span class='ocrx_word' id='word_1_275' title='bbox 521 4062 556 4153; x_wconf 87' lang='lat' dir='ltr'><strong>in</strong></span> <span class='ocrx_word' id='word_1_276' title='bbox 579 4062 821 4146; x_wconf 79' lang='lat' dir='ltr'><strong>praepositionis</strong></span> <span class='ocrx_word' id='word_1_277' title='bbox 844 4063 897 4140; x_wconf 92' lang='lat' dir='ltr'><strong>ui,</strong></span> <span class='ocrx_word' id='word_1_278' title='bbox 920 4060 980 4124; x_wconf 92' lang='lat' dir='ltr'><strong>ille</strong></span> <span class='ocrx_word' id='word_1_279' title='bbox 1001 4060 1042 4124; x_wconf 89' lang='lat' dir='ltr'><strong>de</strong></span> <span class='ocrx_word' id='word_1_280' title='bbox 1065 4067 1100 4124; x_wconf 82' lang='lat' dir='ltr'><strong>et</strong></span> <span class='ocrx_word' id='word_1_281' title='bbox 1121 4057 1235 4125; x_wconf 87' lang='lat' dir='ltr'><strong>aliaue</strong></span> <span class='ocrx_word' id='word_1_282' title='bbox 1252 4081 1328 4148; x_wconf 88' lang='lat' dir='ltr'><strong>par·</strong></span> 
     </span>
     <span class='ocr_line' id='line_1_36' title="bbox 232 4159 1330 4253; baseline 0.011 -31"><span class='ocrx_word' id='word_1_283' title='bbox 232 4159 353 4240; x_wconf 85' lang='lat' dir='ltr'><strong>ticula3</strong></span> <span class='ocrx_word' id='word_1_284' title='bbox 399 4162 538 4230; x_wconf 88' lang='lat' dir='ltr'><strong>aliorum</strong></span> <span class='ocrx_word' id='word_1_285' title='bbox 563 4166 715 4230; x_wconf 88' lang='lat' dir='ltr'><strong>deuotis</strong></span> <span class='ocrx_word' id='word_1_286' title='bbox 742 4164 841 4230; x_wconf 91' lang='lat' dir='ltr'><strong>rebus</strong></span> <span class='ocrx_word' id='word_1_287' title='bbox 872 4166 1047 4230; x_wconf 88' lang='lat' dir='ltr'><strong>obseruata</strong></span> <span class='ocrx_word' id='word_1_288' title='bbox 1078 4168 1160 4232; x_wconf 90' lang='lat' dir='ltr'><strong>mire</strong></span> <span class='ocrx_word' id='word_1_289' title='bbox 1192 4190 1330 4253; x_wconf 87' lang='lat' dir='ltr'><strong>peruer-</strong></span> 
     </span>
    </p>
   </div>
   <div class='ocr_carea' id='block_1_3' title="bbox 228 4267 1330 4463">
    <p class='ocr_par' dir='ltr' id='par_1_3' title="bbox 228 4267 1330 4463">
     <span class='ocr_line' id='line_1_37' title="bbox 232 4267 1326 4360; baseline 0.011 -32"><span class='ocrx_word' id='word_1_290' title='bbox 232 4267 330 4331; x_wconf 92' lang='lat' dir='ltr'><strong>teudo</strong></span> <span class='ocrx_word' id='word_1_291' title='bbox 355 4273 553 4358; x_wconf 84' lang='lat' dir='ltr'><strong>corrumpit3</strong></span> <span class='ocrx_word' id='word_1_292' title='bbox 579 4294 677 4360; x_wconf 91' lang='lat' dir='ltr'><strong>quom</strong></span> <span class='ocrx_word' id='word_1_293' title='bbox 701 4270 858 4358; x_wconf 86' lang='lat' dir='ltr'><strong>exempla</strong></span> <span class='ocrx_word' id='word_1_294' title='bbox 881 4271 1125 4351; x_wconf 87' lang='lat' dir='ltr'><strong>desiderantur,</strong></span> <span class='ocrx_word' id='word_1_295' title='bbox 1159 4275 1234 4359; x_wconf 87' lang='lat' dir='ltr'><strong>ipse</strong></span> <span class='ocrx_word' id='word_1_296' title='bbox 1258 4296 1326 4342; x_wconf 86' lang='lat' dir='ltr'><strong>ma·</strong></span> 
     </span>
     <span class='ocr_line' id='line_1_38' title="bbox 228 4373 1330 4463; baseline 0.014 -29"><span class='ocrx_word' id='word_1_297' title='bbox 228 4373 280 4454; x_wconf 83' lang='lat' dir='ltr'><strong>gis</strong></span> <span class='ocrx_word' id='word_1_298' title='bbox 306 4375 452 4441; x_wconf 88' lang='lat' dir='ltr'><strong>inaudita</strong></span> <span class='ocrx_word' id='word_1_299' title='bbox 474 4373 582 4462; x_wconf 87' lang='lat' dir='ltr'><strong>fingit,</strong></span> <span class='ocrx_word' id='word_1_300' title='bbox 609 4381 681 4442; x_wconf 90' lang='lat' dir='ltr'><strong>sine</strong></span> <span class='ocrx_word' id='word_1_301' title='bbox 708 4377 822 4442; x_wconf 78' lang='lat' dir='ltr'><strong>Graca</strong></span> <span class='ocrx_word' id='word_1_302' title='bbox 844 4375 968 4463; x_wconf 84' lang='lat' dir='ltr'><strong>placuit</strong></span> <span class='ocrx_word' id='word_1_303' title='bbox 989 4379 1061 4442; x_wconf 91' lang='lat' dir='ltr'><strong>sine</strong></span> <span class='ocrx_word' id='word_1_304' title='bbox 1085 4377 1224 4457; x_wconf 64' lang='lat' dir='ltr'><strong>Latium</strong></span> <span class='ocrx_word' id='word_1_305' title='bbox 1255 4403 1330 4449; x_wconf 86' lang='lat' dir='ltr'><strong>sen·</strong></span> 
     </span>
    </p>
   </div>
   <div class='ocr_carea' id='block_1_4' title="bbox 0 0 1361 5018">
    <p class='ocr_par' dir='ltr' id='par_1_4' title="bbox 0 0 1361 5018">
     <span class='ocr_line' id='line_1_39' title="bbox 0 0 1361 5018; baseline 0 0"><span class='ocrx_word' id='word_1_306' title='bbox 0 0 1361 5018; x_wconf 95' lang='lat' dir='ltr'><strong> </strong></span> 
     </span>
    </p>
   </div>
  </div>
 </body>
</html>
