2706 5018
317 378 377 446 ΕΤ
400 378 509 447 MAL.
532 324 617 446 Llll.
639 381 689 449 lv
711 379 808 448 CAP.
829 385 860 447 8.
1070 384 1132 447 tur

102 594 144 659 pa
166 586 220 637 eat
240 573 337 638 huius
355 576 578 661 quaestiouia;
601 578 674 661 quis
695 579 738 640 sit
758 578 844 640 enim
868 573 944 639 linis
961 574 1134 656 bonorum,

102 701 144 755 ις
191 680 254 744 hoc
284 679 357 745 loco
386 694 512 746 tantum
542 683 633 759 dico,
677 704 697 745 a
718 680 888 745 ueteribus
906 682 1134 763 Peripateticis

102 785 329 871 clemicisque,
352 787 455 871 quire
479 789 720 852 eonsentientes
743 786 913 851 uocabulis
926 787 1134 864 differebant,

102 912 142 954 uu
172 889 301 970 locum,
343 914 439 978 quern
475 892 607 956 ciuilem
640 907 728 958 recte
759 892 958 978 appellaturi
985 892 1134 958 uidentur

102 999 180 1060 raeci
201 988 403 1080 πολιτικόν),
425 1001 572 1082 grauiter
596 1002 783 1085 etcopiose
807 1019 880 1061 esse
903 1011 1088 1063 tractatum.

138 1101 198 1167 ΙΙΙ.
241 1101 347 1178 Quam
380 1103 484 1168 multa
515 1103 566 1167 illi
598 1104 638 1167 de
674 1127 710 1169 re
753 1103 885 1189 publica
919 1105 1135 1189 seripserunt!

103 1229 145 1271 au
158 1207 261 1272 multa
283 1210 323 1272 de
344 1207 493 1294 legibus!
518 1232 613 1294 quam
637 1210 738 1276 multa
753 1233 818 1275 nou
840 1209 948 1274 solum
962 1221 1135 1293 praecepta

110 1314 249 1391 artibus,
295 1314 352 1377 sed
381 1317 481 1377 etiam
512 1315 667 1400 exempla
700 1319 732 1379 in
758 1315 961 1380 orationibus
984 1313 1068 1378 bene
1088 1315 1137 1377 di·

102 1421 144 1482 ndi
167 1419 385 1506 reliquerunt!
411 1421 554 1484 Primum
581 1424 668 1485 enim
691 1424 761 1508 ipsa
786 1422 866 1502 illa,
900 1444 983 1508 quae
1007 1418 1137 1483 subtili-

102 1527 306 1589 rtliasereuda
327 1539 438 1606 eraut,
460 1528 563 1613 polite
585 1543 724 1614 apteque
746 1531 921 1607 dixerunt,
964 1541 1033 1592 tum
1055 1522 1137 1589 defi·

112 1742 162 1798 qata)
175 1744 219 1800 qut
232 1741 359 1788 ercllOr.
401 1743 438 1797 re)
452 1744 479 1787 tn
493 1743 557 1788 reti
591 1742 666 1795 illum)
681 1755 736 1787 eum
751 1743 876 1788 nucum.
917 1743 1058 1801 appellaturi
1072 1741 1137 1786 nide-

103 1818 311 1874 rtappattonauac
346 1818 433 1873 (irael)
448 1821 536 1865 Groece
551 1819 614 1864 Pcu
656 1830 682 1861 ra
697 1819 797 1875 publiea)
811 1819 876 1863 rell
913 1816 1138 1877 qoam-logum)

102 1892 131 1937 .Ιι
159 1896 270 1952 apteque)
283 1901 356 1952 utque
375 1894 396 1939 ΙΙ
425 1900 474 1939 tum
487 1894 546 1949 det.)
560 1907 616 1938 curn
630 1895 682 1948 des.
695 1894 760 1939 PCR

123 2104 166 2173 pai
179 2122 211 2158 re
235 2104 434 2157 ceurentientea
453 2103 521 2169 διο.)
557 2104 691 2159 Antiochi
708 2105 865 2169 sententia,
904 2105 953 2177 qni
973 2104 1138 2160 interiorem

102 2194 262 2265 niplinarnm
277 2188 479 2265 proprietatem
505 2213 605 2265 parum
632 2199 768 2262 curabat,
806 2198 924 2263 Cicero,
960 2200 993 2253 ut
1016 2215 1139 2269 aempcr,

102 2284 143 2341 tur
159 2290 258 2360 (legg.
277 2290 308 2353 Ι,
325 2287 376 2342 ὅθι
397 2289 571 2342 Arr'rtotetenr
589 2297 617 2342 et
637 2290 877 2359 Theophrastum,
896 2308 957 2344 eun
974 2291 1138 2359 Speruippo,

102 2389 214 2446 narrate,
232 2381 377 2433 Polemone
394 2383 572 2449 congruentia
591 2400 640 2447 re,
659 2400 761 2453 genere
779 2382 898 2435 docendi
911 2384 1038 2451 paullum
1057 2384 1139 2451 ‹liffe-

102 2473 146 2537 uta,
161 2475 247 2528 Areu.
264 2474 284 2534 l,
304 2473 336 2527 18
352 2472 432 2537 otta,
451 2474 505 2527 ou.
520 2480 570 2537 111,
586 2473 644 2539 2⁰).
679 2477 764 2528 Illum
772 2475 861 2528 tonum
878 2476 943 2544 (pro
962 2477 1034 2540 cunr)
1053 2474 1140 2528 etiam

102 2560 130 2619 ir.
142 2564 231 2617 Groecr'
240 2566 319 2618 crat.
337 2574 364 2619 et
375 2564 458 2628 Uict..
477 2568 538 2618 tum
550 2566 716 2631 Erneatiu13
734 2568 903 2620 coulirmnnt
917 2568 992 2620 ’'trea
1011 2565 1140 2636 optumi''

102 2654 122 2708 Ι.
150 2656 241 2712 Ceteri
262 2656 366 2719 Graece,
386 2656 604 2727 necquicquam
624 2673 639 2707 u
658 2658 799 2709 codicillus
821 2660 1001 2711 adnotarunt.
1027 2659 1141 2724 Quanto

103 2761 140 2800 ura
154 2749 181 2803 in
200 2750 257 2801 lroe
273 2748 353 2802 ciuili
380 2752 442 2803 loco
462 2744 717 2819 Peripateticorum
734 2747 873 2801 {enutrio
891 2748 1052 2803 Stoicorum
1071 2764 1141 2817 pre-

103 2839 165 2906 terit,
182 2851 376 2896 conmemorat
394 2843 494 2895 cicero
516 2837 602 2892 etiarn
620 2840 709 2909 Legg.
730 2840 782 2902 ΙΙΙ,
802 2840 844 2893 ll.

126 2933 187 3005 Gap.
206 2934 258 2987 ΙΙΙ.
293 2952 373 3009 quum
392 2935 480 2987 rnulto
504 2932 623 2984 -bene
649 2931 760 2984 dicentii
780 2931 965 3000 reliquerunt)
1005 2929 1142 2984 Rhetori-

102 3036 137 3089 a,
168 3044 228 3096 que
247 3044 312 3079 cum
331 3023 512 3097 plriloaophiu
535 3042 635 3094 parum
661 3024 744 3077 tirmo
771 3024 886 3078 uinculo
907 3021 1143 3093 coniungebatur,

102 3130 152 3171 tm
168 3119 216 3171 lric
234 3122 352 3189 propter
375 3135 457 3172 naum
482 3117 650 3188 eloquentie
668 3117 697 3171 iu
715 3116 846 3188 regendi·
864 3115 1027 3169 lromioiltua
1045 3114 1082 3168 etl
1103 3113 1144 3167 ci·

102 3203 142 3263 ln
159 3213 254 3264 locum
273 3211 419 3276 adiunxit,
437 3211 486 3281 qui
503 3209 562 3281 ipre
591 3211 617 3263 in
638 3209 742 3263 morali
760 3215 841 3279 parte
862 3215 904 3269 att
938 3206 1007 3262 alibi
1025 3208 1082 3275 (V,
1100 3205 1144 3270 1⁰,

102 3300 142 3357 11.
159 3309 187 3369 l,
205 3302 259 3369 32,
277 3305 367 3374 Legg.
385 3303 415 3367 Ι,
439 3302 486 3370 62)
504 3320 568 3357 cum
587 3300 737 3355 dialectiea
754 3301 917 3371 coniungit,
954 3299 1001 3370 qui
1021 3298 1045 3352 ei
1065 3299 1144 3353 locut

102 3386 258 3465 habetur
276 3397 312 3449 eb
330 3393 375 3457 iia,
394 3395 441 3464 qni
460 3411 524 3448 eum
546 3394 732 3464 philosophia
752 3402 863 3464 purtem
883 3390 1144 3456 taricheatarum

103 3478 189 3542 tratri·
206 3489 279 3555 (uitl.
298 3487 382 3558 Diog.
402 3489 495 3540 baert.
514 3487 583 3549 Vll,
621 3487 654 3539 tl
676 3490 705 3540 ut
722 3486 774 3549 tu,
794 3487 893 3541 Senac.
915 3483 1004 3554 Epist.
1018 3482 1071 3548 89,
1088 3482 1146 3550 lt).

102 3577 136 3629 ΙΙΙ·
149 3598 217 3653 quaa
235 3582 328 3645 dicat,
347 3580 505 3650 expositum
524 3586 550 3632 at
568 3579 604 3631 utl
622 3584 678 3643 111,
696 3580 730 3644 Ι,
756 3579 817 3644 hio,
838 3581 865 3632 in
885 3579 988 3649 quibua
1001 3584 1146 3647 ,precepta

102 3680 133 3721 fla
154 3673 262 3727 dicendi
297 3672 532 3737 continebantur,
567 3670 725 3724 contrariae
750 3671 829 3742 ponit
855 3671 1009 3733 orationes,
1044 3667 1147 3738 quibua

102 3768 196 3835 mpla,
215 3783 316 3821 aarum
334 3763 608 3836 Peripateticorum,
643 3760 690 3833 qni
709 3763 795 3816 etium
814 3770 941 3816 oratore·
961 3762 1093 3822 fucrant,
1114 3764 1147 3811 ut

102 3858 213 3913 'latrina
232 3858 390 3912 Plralercua
416 3857 483 3920 (cir.
501 3857 543 3919 V,
577 3858 613 3909 72
650 3856 684 3908 nb
705 3855 749 3907 tu
777 3861 901 3907 oratorea
918 3882 953 3893 -
971 3852 1144 3916 extiterunt).

102 3954 233 4023 *uquam
252 3956 348 4006 notem
367 3945 550 4018 opponitionir
567 3947 663 4018 gratia
684 3948 823 4000 orationes
840 3944 1016 4006 nominauit,
1046 3941 1146 3997 deindo

102 4048 162 4109 lna,
177 4042 259 4115 quani
280 4042 412 4096 uniueraa
431 4041 516 4093 libror
534 4037 647 4100 dixerit,
669 4056 782 4093 omnem
801 4035 1056 4107 Peripateticorum
1076 4033 1147 4088 arri-

102 4132 146 4187 ·'tli
158 4136 298 4191 rationem
317 4136 423 4189 tundat
479 4134 657 4186 Aberrurunt
676 4131 763 4188 Gziua
782 4138 810 4185 et
828 4129 962 4186 Orelliua.
1004 4130 1070 4183 ntor
1089 4134 1147 4178 tum

102 4220 232 4294 Mater,
257 4228 331 4298 qunti
351 4226 438 4281 Gaiua
457 4242 473 4277 e
490 4224 583 4278 tribua
603 4223 725 4295 optumia
743 4223 800 4279 auia
818 4222 961 4280 codiciluu
981 4218 1082 4291 poauit,
1102 4223 1146 4270 tu·

102 4306 207 4389 'latenti
223 4320 266 4376 ita
276 4322 459 4392 interpretor,
479 4324 632 4390 utrumque
644 4335 692 4373 coa
707 4334 758 4373 auo
768 4324 895 4388 tempore
913 4315 1024 4376 taciano,
1043 4313 1147 4363 uttam

102 4400 221 4479 ΙἸΙΙειΙ,
239 4422 302 4470 tum
319 4421 415 4469 autem
437 4410 618 4483 partirentur.
