2706 5018
220 115 261 176 12
563 110 622 175 DE
644 109 822 179 FINIBUS
845 109 948 176 box.

218 329 254 369 se
275 307 378 370 isdem
400 306 568 392 Euripidis
587 307 710 372 inbutis
735 307 891 371 delectari
914 307 1021 384 dicet,
1064 303 1200 367 Latinae
1223 301 1321 367 tuna

218 435 273 477 ras
296 413 423 477 aderiti
455 413 674 500 Synephebos
698 437 783 501 ego,
827 414 954 498 inquit,
976 412 1087 494 potius
1108 406 1232 473 Caecili
1252 419 1316 473 aut

270 629 372 683 litterae)
386 642 438 674 eum
457 629 527 674 unuin
545 631 585 675 or.

214 817 293 872 nitur
309 819 485 885 rubierturn,
500 821 536 872 de
553 838 609 890 quo
628 824 768 892 negetur,
788 819 890 873 deinde
909 820 937 873 id
956 820 1067 891 iprum,
1087 819 1161 890 quod
1180 824 1306 888 negatur,

214 911 390 982 adiungitur,
412 913 490 966 utin
510 913 596 968 canit.
618 915 653 966 tv
673 916 686 981 ᾗ
709 913 759 967 16:
779 913 880 966 Seruor
901 919 943 966 eet
961 929 1056 976 uerno,
1077 911 1125 984 qui
1140 911 1220 963 niodo
1243 911 1306 962 tote-

213 1006 297 1057 radiii
311 1006 470 1058 condicione
488 1007 526 1057 eit
546 1007 708 1065 seruitutis,
742 1007 790 1073 pai
807 1024 860 1058 non
877 1005 1025 1058 audaciam
1044 1004 1144 1055 ciuium
1161 1004 1309 1070 perdom-

213 1104 282 1149 rcat.
319 1099 413 1150 Tollit
425 1097 644 1167 ambiguitatem
662 1098 788 1151 additum
800 1101 901 1164 modo.)
939 1098 994 1151 Sed
1015 1093 1145 1149 necrutir
1164 1096 1310 1149 commoda

211 1191 289 1259 priua
309 1175 438 1243 abroiute
457 1189 671 1260 interrogatur,
706 1209 792 1262 quoin
812 1193 847 1244 de
868 1191 929 1262 ipre
948 1187 1146 1242 coniunctione
1163 1185 1311 1260 utriunque

211 1281 254 1335 rei
273 1288 393 1351 agatur,
423 1299 474 1334 nec
493 1290 569 1334 recte
589 1282 616 1335 in
635 1283 690 1336 hac
709 1301 834 1337 connexu
851 1282 1076 1353 interrogatione
1096 1281 1242 1334 contrarie
1261 1298 1311 1351 po·

213 1380 319 1426 nuntur
337 1375 435 1426 eodem
455 1375 599 1442 Euripidis
614 1377 723 1441 sabula
748 1384 776 1428 et
793 1377 900 1428 batinoe
918 1377 1037 1439 titteroe3
1074 1374 1219 1427 debebant
1237 1373 1310 1426 eninr

213 1465 273 1518 bne
293 1467 428 1519 adcurate
453 1469 633 1538 respondere.
687 1471 784 1538 itaque
812 1470 973 1521 Gulielmne
1001 1473 1030 1520 et
1058 1466 1110 1519 elii
1128 1467 1244 1520 litterar
1261 1469 1311 1521 de·

211 1565 355 1622 mearunt,
374 1565 406 1612 nt
423 1568 514 1613 ereetr
534 1563 582 1634 qui
592 1579 621 1614 re
634 1563 720 1615 isdem
734 1563 879 1630 Euripidis
887 1561 997 1625 sabatio
1010 1559 1310 1625 delectaminum-

210 1653 284 1703 tinae
302 1652 416 1704 oderit?
447 1653 503 1709 Sed
525 1672 627 1724 perum
646 1656 781 1709 conrinue
802 1655 944 1722 Furipidir
963 1658 991 1705 et
1009 1652 1126 1705 Latinae
1144 1670 1309 1723 conponun-

209 1748 275 1804 tur,
306 1763 391 1815 quom
412 1747 530 1800 deberet
549 1765 608 1801 esre
631 1747 745 1800 Graecae
764 1775 800 1788 -
816 1747 942 1799 Latinae.
980 1742 1131 1810 Duuiriur,
1156 1747 1233 1815 quod
1252 1747 1309 1799 bea

210 1854 274 1888 eum
293 1837 487 1905 superioribus
511 1838 708 1909 coniungenda
726 1855 786 1890 eaeo
805 1839 962 1902 sentiebat,
999 1836 1084 1890 etium
1104 1846 1225 1907 propter
1244 1855 1307 1909 pro·

208 1946 309 1982 nomen
331 1930 431 1994 iidem,
470 1932 543 1999 quod
570 1932 671 1984 metius
700 1931 896 1984 adnecteretnr
914 1929 1056 1999 ruperiori
1078 1946 1164 2001 quum
1181 1931 1210 1984 in
1229 1948 1306 1985 noue

206 2019 439 2089 interrogationis
461 2020 541 2075 initio
570 2030 740 2092 poneretur,
779 2021 891 2093 longius
918 2039 1082 2093 progressus
1108 2023 1168 2075 luno
1195 2023 1305 2078 omnia:

207 2115 325 2166 Latinae
344 2115 453 2166 litterae
471 2116 560 2167 oderit
578 2115 708 2180 eiciebat,
731 2124 802 2185 (qua
820 2116 939 2168 uberent
958 2130 975 2166 a
992 2115 1056 2168 Pur.
1076 2113 1102 2178 2,
1121 2132 1239 2187 queque
1256 2132 1305 2187 po·

206 2213 267 2259 ntea
282 2207 368 2259 Gniur
379 2204 406 2259 in
422 2207 496 2276 Spir.
509 2215 535 2259 et
547 2208 620 2261 Gud.
634 2206 716 2261 2non
733 2206 851 2271 inuenit,
864 2208 898 2258 de
911 2224 965 2275 quo
978 2223 1111 2259 ronoenru
1126 2204 1186 2262 uid.
1197 2210 1233 2262 ad
1242 2208 1306 2276 27);

205 2317 257 2368 pro
275 2300 373 2372 quiex
392 2317 447 2351 uno
468 2299 573 2351 Eirenri
592 2300 677 2353 scribi
699 2302 817 2354 uniebat
841 2301 956 2374 quique,
992 2315 1083 2369 praua
1105 2299 1305 2354 coniunctione

206 2391 415 2444 contrariorum
442 2393 645 2445 membrorum.
701 2394 823 2446 Eandem
856 2409 939 2444 nocer
970 2391 1131 2445 omittentes
1157 2391 1305 2447 Ernestirre

121 2470 126 2477 ’
204 2500 284 2550 quoru
303 2481 432 2552 ruriprit,
470 2485 645 2538 Goerenzius
664 2488 744 2554 quod.
791 2486 879 2539 Nulla
901 2485 1015 2536 omnino
1037 2483 1154 2537 illorurn
1175 2487 1304 2539 rodinum

204 2583 230 2629 rt
255 2575 410 2629 auctoritas
435 2575 462 2630 in
494 2575 722 2644 iinonrittendir,
750 2595 819 2653 ¹«pue
843 2574 989 2646 utriusque
1017 2576 1131 2646 generi·
1149 2578 1239 2632 ceteri
1259 2595 1305 2631 re·

206 2665 304 2722 tinent.
335 2674 366 2721 tn
386 2679 483 2722 nostra
503 2668 686 2740 scriptumst
705 2672 857 2724 omittetur
876 2670 1004 2733 litterae,
1039 2669 1141 2722 uitione
1172 2667 1247 2724 idem
1273 2671 1302 2724 in

203 2760 326 2813 terrenali
343 2762 483 2814 eontentio
503 2763 631 2829 dicutur,
651 2765 725 2835 quod
743 2764 772 2816 in
794 2762 948 2832 prinreria3
985 2778 1060 2813 nunc
1078 2760 1242 2832 generatim
1261 2767 1304 2816 eet

202 2852 353 2921 posteriue.
388 2854 517 2906 Ktotaiur
534 2857 653 2908 Latinae
665 2857 775 2908 litterar
793 2855 997 2923 interpretatur
1017 2853 1191 2905 bateinireiue
1207 2852 1304 2906 flent·

202 2945 315 3004 staden,
333 2942 523 3013 &brisaugia
544 2955 572 2999 et
592 2947 620 3000 in
644 2965 678 3000 eo
697 2946 857 3017 gloriatum
877 2946 940 3017 quin
958 2945 997 2998 eie
1015 2943 1118 2998 dixerit
1135 2953 1185 2998 aut
1203 2944 1252 3017 qui
1271 2943 1300 2999 in

201 3034 254 3091 teti
272 3034 401 3086 oratione
420 3037 460 3088 ric
478 3038 608 3107 intellegi
637 3039 665 3090 id
689 3040 830 3108 potuerit,
867 3057 921 3092 non
949 3038 1055 3109 querit,
1104 3039 1208 3091 Medea
1226 3039 1303 3093 Enni

200 3125 405 3180 notirrurnart.
462 3129 587 3197 Antiope
607 3129 793 3194 Pacuuiano,
829 3131 857 3184 in
882 3147 938 3202 qun
958 3131 1136 3184 tractabatur
1153 3131 1300 3184 contentio

199 3219 322 3271 tratrem
340 3219 565 3286 Thebanorum,
590 3221 673 3275 Zethi
692 3230 720 3276 et
739 3222 919 3293 Amphionio,
955 3224 1121 3293 fragmenta
1139 3227 1204 3275 runt
1224 3223 1301 3294 apud

198 3311 335 3365 Butbium
353 3329 381 3381 p.
409 3311 469 3365 1⁰2.

269 3403 428 3472 Euripidis)
447 3404 520 3459 Uict.
542 3407 602 3460 rod.
623 3407 774 3475 Euripide,
794 3405 820 3460 id
840 3413 899 3468 ert,
920 3406 1051 3475 Euripidi
1057 3425 1068 3466 ,·
1086 3405 1143 3459 uid.
1162 3408 1197 3459 ad
1220 3407 1234 3474 5
1253 3405 1297 3461 1⁴.

268 3496 440 3564 Synephebos
459 3515 529 3565 ego,
567 3500 668 3574 inquit)
701 3500 803 3552 Pontio
829 3499 995 3569 abruptioro
1021 3498 1150 3552 oratione
1169 3497 1297 3568 primam

197 3587 258 3640 tere
276 3589 361 3653 idern,
380 3590 455 3659 quod
473 3607 642 3662 quemquam
663 3592 803 3646 dicturum
824 3600 956 3664 negarat,
973 3591 1027 3645 nbi
1045 3608 1062 3644 a
1080 3589 1195 3642 dinerra
1215 3595 1297 3659 perte

196 3677 251 3732 diri
271 3680 358 3745 iacit3
397 3680 515 3744 deiude,
544 3702 629 3753 quoni
649 3690 757 3736 tanturn
778 3687 911 3738 uniuerre
929 3683 1098 3737 sententium
1118 3681 1248 3750 aliquem
1268 3688 1296 3736 et

195 3769 351 3825 orationem
372 3773 557 3843 significarit,
593 3773 672 3846 queri
692 3777 767 3845 ipro·
785 3777 913 3830 bomine·
933 3773 1104 3837 nominarit,
1123 3773 1229 3828 subicit
1248 3792 1296 3828 re-

192 3864 313 3918 latiuam
332 3867 445 3935 plurale
462 3869 495 3935 (a
512 3868 633 3942 preibat),
651 3868 811 3923 durioruma
828 3871 931 3938 figure.
972 3867 1077 3929 (Aliter
1097 3867 1224 3938 Phiiipp.
1243 3868 1293 3931 lv,

194 3960 208 4027 ᾗ
235 3957 253 4012 3
282 3958 435 4013 relatiuam
453 3961 545 4013 tarino
569 3959 725 4023 rubioitur‚
760 3963 808 4014 eod
835 3960 981 4033 ringularo
1006 3966 1035 4013 et
1064 3960 1100 4014 tn
1125 3977 1177 4023 eo,
1211 3958 1316 4014 auiue-

193 4052 293 4121 paullo
313 4058 500 4107 autonomon
519 4051 743 4121 poritumornt).
780 4053 1017 4124 Synepheborunr
1033 4052 1065 4107 b.
1089 4049 1198 4106 Caeriti
1218 4048 1294 4108 stau

193 4144 354 4215 fragmenta
374 4161 428 4199 non
448 4145 538 4199 mutto
557 4147 708 4214 runtapnd
729 4144 869 4200 Bntbinm
889 4164 915 4215 p.
935 4145 996 4202 lto.
