2730 5016
553 351 807 424 PBAEFATio.
1119 358 1234 437 'XLV

154 550 260 638 cietypi
282 551 481 617 tuendorum
496 550 728 631 tollendurm,
748 555 778 617 si
800 551 842 618 sb
862 555 904 617 iis
923 553 1004 619 iocis
1021 556 1232 642 discedimus,

150 679 214 742 quos
236 659 324 744 epnd
347 656 501 724 Nonium
523 662 646 724 rectius
668 661 808 746 scriptos
841 673 920 724 unte
949 662 993 744 (p.
1024 664 1132 744 XXI)
1152 690 1232 732 enu-

148 767 258 828 neroni
297 767 391 852 (nem
434 769 536 831 ceteri
579 769 786 852 grsrnruetici
831 765 912 830 nihil
949 789 1009 831 nos
1047 772 1231 856 adiuuent),

145 874 235 934 unsis
256 874 348 935 retio
374 875 409 936 in
433 872 620 937 coniectura
650 875 831 960 positast,
875 875 968 936 ouius
992 856 1130 960 quae'sit
1153 901 1229 944 con·

142 978 227 1053 dicio,
241 979 311 1064 ipsi
336 976 388 1042 iili
412 976 486 1042 ioci·
502 978 613 1065 aliquo
637 979 734 1044 ruodo
757 980 931 1044 ostendere
948 996 1097 1065 possunt.
1141 983 1226 1050 Num

141 1105 175 1147 ex
195 1085 373 1163 hiaretur,
395 1084 454 1148 rub
476 1084 597 1165 dudio,
627 1092 797 1150 teneritas
819 1085 918 1150 facile
940 1099 1011 1151 eret
1031 1095 1250 1158 sententiaru-

139 1193 280 1278 sequenti
315 1192 419 1255 etiarn
440 1190 668 1257 'sine-Nonio
697 1193 731 1256 id
770 1194 941 1283 inuenire,
987 1193 1072 1278 quod
1112 1194 1228 1263 Cicero

139 1298 341 1384 scripsisset3
362 1318 423 1383 pro
444 1303 555 1383 καιροὶ
587 1296 834 1363 substituendus
854 1319 927 1364 esse
952 1318 1055 1385 seper
1073 1302 1145 1366 sine
1170 1300 1230 1367 hu·

137 1400 272 1468 iusrnodi
298 1406 492 1468 testimonio
507 1403 668 1491 intellegi
700 1426 764 1471 non
797 1418 939 1492 poteret.
1008 1407 1121 1494 Atque
1141 1429 1229 1496 scope

139 1513 333 1576 coniectores
357 1513 588 1576 necessitatem
610 1514 683 1598 ipse
705 1513 835 1577 demum
857 1514 1007 1578 inuentio
1029 1516 1120 1595 eins,
1142 1519 1227 1602 quod

138 1619 166 1680 is
187 1617 303 1681 codice
330 1617 509 1703 archetypo
540 1620 697 1705 scripturn
726 1619 844 1697 suerit,
892 1619 1044 1705 expulsis
1067 1627 1228 1708 posterio-

137 1745 202 1789 rnrn
225 1721 564 1810 interpolationibus,
607 1725 715 1790 edt‘ert
744 1726 964 1801 etostendit,
1007 1748 1106 1811 quoru
1128 1732 1162 1792 in
1186 1752 1226 1796 eo

138 1832 313 1917 uestigium
339 1833 412 1894 ueri
435 1833 499 1910 sit,
542 1851 608 1895 non
632 1852 748 1896 uerum
773 1833 903 1917 ipsum,
925 1833 1109 1898 cuiusmodi
1126 1850 1157 1900 st
1177 1838 1229 1919 (ut
1294 1868 1297 1876 ι

140 1957 181 1999 ex
202 1957 322 2023 magne
346 1938 442 2024 copis
468 1958 568 2002 unum
589 1938 722 2022 ponem)
748 1936 831 2003 iliud
854 1940 888 2002 in
912 1936 980 2017 111,
1003 1941 1064 2006 db:
1099 1945 1227 2013 tcisilet

136 2044 572 2129 (celer)seg1eds‘qsepro
604 2045 690 2108 siler
720 2045 938 2131 neglectique.
1071 2048 1075 2056 '

219 2148 456 2214 Coniectureru
479 2151 593 2233 igitur,
611 2149 677 2214 boc
697 2164 766 2226 est,
791 2152 1055 2216 emendationem
1074 2174 1120 2218 ex
1142 2155 1226 2220 indi·

136 2258 191 2320 ciir
207 2269 394 2343 repertam,
424 2276 489 2341 qus
508 2257 621 2321 critice
644 2279 698 2322 urs
720 2257 925 2337 abscindas,
969 2270 1006 2321 ut
1028 2280 1093 2324 uon
1114 2260 1226 2325 solum
1301 2297 1305 2303 ·

136 2363 328 2427 traditorum
352 2362 517 2427 deiectum
537 2362 656 2443 ieciet,
687 2365 744 2428 sed
769 2367 890 2430 emisse
913 2378 1064 2450 reperet,
1083 2380 1118 2431 et
1141 2366 1226 2432 elio·

137 2489 202 2533 rurs
243 2481 380 2533 secutus
415 2489 488 2532 snm
517 2482 550 2533 et
584 2469 720 2535 muitum
754 2474 854 2537 etism
885 2493 959 2536 rues
983 2492 1085 2551 usus,
1127 2492 1225 2558 quoru

136 2590 166 2639 et
188 2577 383 2639 testimonie
409 2573 556 2640 codicum
588 2574 720 2660 plenius
747 2580 935 2664 certiusque
966 2579 1134 2663 exquisite
1167 2579 1225 2643 be·

136 2681 268 2758 berem,
291 2701 389 2767 quern
412 2684 619 2767 superiores,
663 2697 696 2746 et
718 2695 819 2749 totam
839 2683 1010 2748 Ciceronis
1031 2684 1225 2770 disputatio·

132 2811 201 2854 seru
227 2789 402 2873 ornnisque
426 2791 607 2852 sententies
640 2789 835 2878 diligentius
867 2790 1121 2875 adcuratiusque
1151 2812 1227 2876 per·

132 2908 263 2958 secutus
283 2894 365 2957 rnibi
386 2895 534 2969 uiderem
560 2896 607 2958 uti
638 2910 748 2960 eutem
774 2895 885 2959 studui
908 2908 940 2958 et
962 2894 1068 2958 libere
1092 2907 1127 2958 et
1151 2918 1226 2982 pru·

133 3003 244 3066 denter
269 3014 304 3064 et
327 3001 366 3063 ad
392 3002 473 3064 srtis
494 3001 654 3088 reguisnr.
701 2999 768 3066 Odi
794 3003 893 3080 eninr,
919 3014 954 3064 ut
975 3003 1032 3086 qui
1057 3021 1225 3081 maxume,

131 3110 239 3172 iussis
271 3107 532 3171 coniecturarum
569 3106 712 3173 ludibrio
734 3108 903 3183 hominum
926 3120 984 3171 sut
1006 3109 1220 3194 inperitorum

133 3228 184 3277 sut
205 3213 357 3290 leuium,
407 3226 495 3279 certe
517 3229 587 3279 erte
609 3216 853 3294 destitutorum,
884 3228 1003 3299 preter
1032 3216 1136 3296 ipsum
1168 3237 1225 3280 us·

133 3323 265 3385 nitatem
291 3317 348 3383 uei
378 3323 541 3407 perscipue
573 3321 615 3385 ob
637 3344 710 3386 sens
735 3341 904 3400 caussam,
951 3321 1036 3406 quod
1071 3343 1222 3387 necesse·

135 3429 208 3491 riaur
230 3438 359 3512 perteus
380 3428 502 3490 criticre
525 3428 558 3490 in
584 3427 741 3491 inuidiam
765 3427 940 3491 adducunt.

223 3532 371 3596 Prirnutn
393 3534 497 3617 igitur
519 3535 553 3596 in
581 3536 771 3599 coniectura
801 3534 1040 3600 necessitatem,
1056 3545 1168 3619 specto
1193 3547 1226 3597 et

136 3638 318 3702 euidenteur
343 3640 453 3702 urendi
478 3638 809 3718 denronstrst'ionern,
834 3660 905 3724 ques
929 3636 1101 3703 conficitur
1125 3652 1223 3704 este

136 3746 277 3808 codicurn
304 3743 465 3808 bonorum
490 3742 649 3829 scripture
673 3760 795 3812 estex
820 3747 969 3809 oratione
992 3758 1048 3809 sut
1071 3766 1116 3808 ex
1148 3767 1224 3810 sen·

136 3855 231 3915 tentia
250 3864 308 3915 eut
329 3871 377 3914 ex
403 3849 521 3915 borum
547 3873 730 3932 concursu,
766 3873 879 3938 esque
905 3854 1015 3916 onrnie
1036 3854 1085 3915 sic
1109 3855 1224 3939 exigo,

137 3977 193 4020 non
215 3974 267 4039 ut,
307 3957 386 4045 quid
412 3978 472 4042 per
495 3977 531 4020 se
555 3971 678 4021 rectum
703 3960 776 4036 sit,¹
814 3978 976 4043 quoerunr,
1019 3960 1078 4022 sed
1103 3960 1224 4046 quide

137 4060 286 4129 Cicerone
311 4064 416 4128 etiarn
448 4063 559 4126 minus
579 4077 667 4128 recte
701 4076 735 4128 et
756 4063 927 4150 eleganter
957 4062 1056 4128 scribi
1080 4069 1225 4151 potuerit

139 4173 255 4257 etquid
291 4193 372 4234 eurrr
401 4169 593 4258 testimonie
625 4183 885 4257 argumentisque
914 4172 1085 4257 scripsisse
1116 4185 1226 4234 osten·

138 4274 211 4341 deut.
259 4278 377 4364 Atque
400 4278 435 4340 in
462 4273 521 4338 itta
544 4289 656 4357 perte,
700 4297 771 4362 quae
795 4278 836 4342 ed
860 4280 1042 4344 orationem
1073 4278 1225 4362 pertinet,
