2706 5018
292 348 350 415 ΕΤ
373 349 482 415 MAL.
505 349 588 415 LlB.
611 351 643 416 V
669 348 764 415 cnr.
786 353 838 414 30.
1044 353 1108 417 ml

108 560 139 610 rt.
188 545 239 610 Ne
264 568 361 632 seges
387 547 516 631 quidem
550 548 653 630 igitur
670 546 769 632 spicis
794 541 949 608 uberibus
980 559 1013 607 et
1038 566 1109 608 ore·

108 698 112 725 ‚
156 655 185 715 si
209 675 347 716 auenam
375 654 503 736 uspiam
533 652 674 729 uideris,
719 673 779 714 nec
807 665 989 714 mercatura
1011 660 1110 736 quae·

108 780 145 836 la,
167 760 196 820 si
218 761 251 822 in
273 761 439 822 maxumis
462 758 562 822 lucris
584 759 739 844 †parum
760 755 883 842 aliquid
908 756 1018 820 damni
1034 780 1110 822 oon·

111 976 139 1029 l.
178 976 219 1028 Ne
230 994 309 1048 seges
318 980 425 1047 quidem
435 980 523 1048 igilur
532 977 616 1046 spicis
635 974 762 1028 uberibus
772 982 797 1027 et
816 973 931 1040 crebris)
942 992 1001 1027 esre
1009 980 1111 1045 potest,

108 1077 150 1133 st,
185 1069 276 1138 spiens
295 1073 396 1124 uberes
415 1078 443 1123 et
462 1066 575 1123 crebras
598 1068 714 1120 habere.
772 1069 890 1120 Prorsus
913 1075 1006 1131 recte,
1031 1066 1109 1121 utin

118 1160 280 1214 huiusmodi
300 1160 497 1227 adiunctione,
523 1161 563 1213 sic.
581 1160 607 1213 in
625 1161 680 1213 hac
698 1156 878 1212 conclusione
894 1167 922 1213 et
940 1175 1112 1229 consequen-

108 1255 318 1307 rmonstrotione
337 1256 457 1307 uerbum
476 1271 491 1305 e
511 1250 658 1321 superiore
676 1250 816 1304 sententia
834 1250 957 1312 auditur,
975 1251 1063 1320 litque
1080 1251 1111 1304 id

112 1362 196 1413 quoni
221 1347 249 1397 in
276 1364 310 1398 ne
334 1374 367 1385 -
391 1348 498 1419 quidem
525 1347 574 1411 (N.
593 1346 627 1399 D.
647 1346 705 1406 lll,
738 1343 789 1396 21:
824 1360 858 1394 ne
884 1342 912 1393 in
936 1342 1019 1393 terris
1048 1343 1110 1417 qni-

111 1437 177 1488 orbe
200 1441 326 1504 nostro),
363 1443 421 1490 tum
448 1439 476 1491 io
504 1439 548 1492 his
578 1435 723 1507 particulis
751 1431 906 1490 coniunctis
931 1450 966 1486 ne
989 1462 1024 1474 —
1049 1435 1111 1509 prsi-

114 1530 223 1598 r'gitor,
258 1538 289 1583 ut
321 1536 363 1582 Ill
396 1531 429 1583 N.
461 1531 495 1585 l).
524 1530 559 1584 43
593 1539 620 1583 et
652 1531 689 1582 tl
719 1537 747 1582 et
783 1529 847 1581 aliis
880 1523 964 1588 locis,
1000 1524 1048 1597 qui
1081 1524 1111 1580 in

109 1640 141 1674 su
161 1623 197 1675 ad
219 1622 253 1686 ll,
271 1621 306 1674 25
326 1621 410 1691 positi
427 1629 500 1674 suat.
538 1622 632 1677 Praue
650 1618 745 1685 Gaius,
764 1621 836 1691 quod
856 1621 968 1673 iollas.
989 1621 1018 1671 et
1037 1619 1112 1672 Gud.

108 1723 120 1766 t
136 1715 273 1782 respicis,
307 1713 419 1783 scripsit
437 1719 478 1764 est
498 1714 599 1780 spicis,
619 1713 736 1781 prauins
754 1709 878 1765 Orellius
897 1709 1030 1763 excidisse
1050 1711 1112 1765 lor·

118 1814 198 1875 putat
217 1806 387 1872 laetotor(!),
424 1805 490 1858 loeto
508 1811 550 1869 st,
584 1822 639 1857 non
661 1801 905 1868 animaduertens,
929 1803 957 1854 in
978 1803 1113 1857 ablatiuis

108 1897 277 1950 »radicatum
297 1914 366 1960 esse,
380 1898 453 1966 quod
466 1894 789 1966 respondeatadiectiuis
801 1896 881 1946 besto
897 1903 925 1947 et
939 1902 1112 1969 qrsaestoosor

108 1991 186 2041 illum
203 2007 288 2042 unum
298 1997 394 2057 aptum
404 1997 483 2053 erat;
501 1989 566 2040 loeto
575 1988 648 2040 enim
660 1990 695 2041 ad
705 1988 826 2058 speciem
834 1985 1003 2056 pertinebat.
1026 1990 1113 2046 Ture.

108 2080 251 2133 lliCicero
279 2081 307 2132 in
336 2081 434 2132 eadem
451 2080 653 2149 conparatione
672 2080 823 2132 orationem
838 2081 1014 2144 fructuosam
1034 2081 1112 2133 dixit.

107 2171 317 2242 interpretando
337 2174 434 2226 turbat
452 2172 571 2225 Beierus
599 2173 634 2224 ad
661 2173 717 2226 ou.
745 2173 790 2236 ll,
825 2170 868 2228 st.
923 2173 980 2225 Pro
1003 2174 1113 2242 uspiam
1175 2180 1182 2201 ⁸

119 2267 272 2318 Gruterum
291 2267 441 2335 typotheta
469 2265 545 2317 dedit
563 2265 671 2333 ipsem3
706 2263 733 2315 id
755 2263 888 2316 Dauisius
905 2263 1049 2334 corrigens
1066 2282 1114 2317 co·

107 2374 114 2407 ι
134 2357 210 2409 Ball.
241 2365 268 2410 ct
286 2359 378 2411 lllead.
401 2365 529 2411 auctores
548 2356 633 2417 citat,
663 2353 742 2425 qussi
759 2356 786 2408 in
805 2354 906 2409 ceteris
927 2358 1050 2409 alterum
1067 2356 1114 2422 sit,

108 2467 113 2500 r
132 2458 227 2502 sutem
246 2448 320 2518 Spir.
342 2458 369 2502 et
384 2452 445 2502 Erl.
462 2458 508 2512 et,
534 2456 566 2500 ut
583 2465 694 2516 semper
713 2446 818 2515 aliquid
839 2445 957 2519 propria
975 2458 1003 2501 et
1021 2448 1114 2501 inere·

109 2559 121 2593 s
144 2542 293 2610 prauitatis
312 2543 436 2604 lrabeat,
455 2540 613 2609 marginem
633 2540 727 2597 Crat,
759 2539 787 2590 in
808 2556 861 2606 qao
880 2537 952 2590 uilril
970 2539 1113 2605 scribitur,

108 2639 201 2686 ntertu
218 2639 331 2696 antem,
353 2639 386 2685 ut
405 2632 480 2700 apud
499 2632 597 2684 omnis.
657 2632 760 2683 Paullo
780 2638 845 2682 ante
862 2630 959 2692 Mam,
995 2631 1112 2694 Lirinus,

108 2742 153 2777 sse
171 2726 250 2776 desto
269 2730 368 2776 contra
387 2723 496 2775 codices
516 2723 601 2787 (Gzi;
620 2740 673 2775 nou
694 2739 726 2773 ex
746 2723 789 2773 erl.
809 2720 924 2790 prima).

108 2835 228 2886 ·pororn
249 2815 356 2888 aliquid
376 2815 483 2880 domni)
520 2816 609 2866 Recte
634 2815 707 2867 hanc
734 2811 903 2882 scripturam
922 2815 1067 2869 Ernestius
1087 2825 1116 2872 et

108 2909 158 2961 rins
184 2910 331 2961 damnasse
349 2905 499 2969 uide-ntur,
536 2905 667 2975 quoniam
685 2924 785 2974 porum
805 2923 859 2960 non
879 2917 935 2970 est,
973 2910 1047 2977 qnod
1068 2910 1115 2962 lric

110 3001 190 3063 ritnr,
209 3018 263 3050 noo
277 3000 390 3051 inultum
410 3002 544 3066 (pnruom
564 2998 678 3068 aliquod
697 3001 854 3065 domnum),
872 3000 937 3062 sed,
957 3001 1030 3068 quod
1050 3019 1115 3054 seu-

108 3110 115 3145 r
136 3094 321 3146 uehementer
340 3089 458 3161 respuit,
478 3107 530 3140 nors
550 3091 619 3141 sctis
639 3091 733 3159 (quasi
752 3093 815 3161 plus
833 3091 928 3143 damni
947 3094 1115 3148 contrahere

108 3188 166 3237 ator
185 3183 306 3251 cupiat).
348 3184 446 3251 Neque
467 3199 529 3234 sum
548 3181 673 3245 nescius,
699 3201 788 3252 nuper
806 3200 823 3236 a
841 3183 969 3253 pluribus
987 3186 1114 3254 priorem

108 3294 138 3328 oe
154 3275 388 3346 significationem
406 3273 474 3327 huic
494 3275 557 3326 uoci
576 3274 711 3327 tributam
731 3293 808 3340 esse,
843 3291 912 3345 quos
931 3277 1060 3332 Moserus
1078 3283 1114 3334 ad

108 3370 144 3419 ul.
164 3369 195 3430 V,
215 3369 246 3418 ll
268 3367 406 3423 nominat.
442 3368 550 3419 Uerum
569 3364 612 3418 illi
633 3375 709 3419 recte
728 3365 965 3432 animaduertuot,
984 3371 1116 3438 Quincti·

108 3461 242 3512 ‚msemcl
263 3456 303 3510 ita
322 3459 525 3510 esselocntum
549 3459 622 3524 (lll,
659 3459 692 3522 1,
721 3457 840 3524 5,etsi,
878 3461 932 3514 nisi
950 3472 1116 3533 sequeretur

108 3569 151 3616 sor,
171 3569 225 3603 non
247 3552 374 3614 nimium,
392 3549 506 3603 seruari
524 3550 564 3603 ibi
585 3549 699 3620 propria
715 3550 886 3621 significdtio
906 3557 1048 3625 poterat),
1070 3576 1115 3611 se·

108 3643 172 3696 item
195 3643 318 3695 Plinium
336 3644 478 3713 Panegyr.
506 3661 529 3694 c.
560 3641 595 3695 20
617 3643 696 3702 (uara
717 3642 780 3697 aliis
800 3645 974 3715 loeisproue
992 3650 1114 3702 abutun-

109 3753 116 3799 ;
147 3735 220 3787 addo
251 3734 362 3787 Seneca
382 3736 461 3804 epist.
479 3733 511 3800 2,
532 3735 567 3788 ὅτ
604 3735 667 3787 Non
685 3737 847 3810 pulparum
866 3738 965 3804 dedet,
1001 3742 1050 3792 sed
1068 3742 1117 3813 qui

113 3829 203 3895 cupit,
226 3844 333 3895 pauper
352 3833 401 3878 cst.
445 3828 488 3879 Ad
508 3827 673 3880 Ciceronem
692 3839 720 3883 et
739 3829 798 3881 cius
816 3831 932 3898 aqualis
952 3849 1116 3900 proxumos-

108 3917 255 3972 luecnilril
275 3922 423 3988 portinent.
475 3919 548 3970 Nam
566 3920 640 3989 quod
668 3920 792 3972 eTnsc.
814 3922 854 3981 V,
888 3923 921 3975 41
942 3926 1114 3993 proferente

108 4013 149 4078 psi
165 4028 263 4080 porum
281 4011 394 4069 metuit,
434 4010 483 4061 sed
500 4012 548 4084 qui
570 4011 676 4062 omnino
693 4018 766 4063 metes
783 4019 882 4077 ssent,
920 4016 1055 4087 quidquid
1075 4029 1118 4074 est

109 4119 170 4156 ram
189 4110 240 4156 aut
257 4097 451 4155 tolerabilium
470 4102 607 4163 codicum,
627 4102 715 4155 habet
730 4119 830 4171 porco,
851 4108 926 4175 quod
943 4116 1020 4162 recto
1036 4111 1119 4163 lllot·

113 4202 224 4249 secntus
243 4201 302 4256 cst,·
341 4208 406 4243 num
426 4208 528 4260 paruos
556 4200 646 4246 metus
664 4194 840 4264 significatur
859 4215 890 4250 er
910 4201 1006 4268 parnis
1024 4203 1118 4268 rebus,

111 4291 275 4341 metuantur
294 4284 432 4354 (corporis
453 4284 635 4338 incommodis
654 4292 682 4338 et
700 4289 841 4359 externis).
887 4291 1005 4345 Sallusti
1022 4303 1119 4350 autern

108 4395 121 4443 ι,
134 4377 184 4451 qui
201 4377 231 4433 in
250 4380 310 4448 lug.
330 4397 354 4431 c.
372 4375 409 4431 85
425 4375 542 4448 legitur,
560 4384 696 4447 quantam
714 4379 820 4439 habeat
827 4384 1009 4452 pronitatem,
1028 4387 1117 4457 adpo.
