2706 5018
212 359 240 422 L
635 349 890 419 PRAEFA'l'lO.

303 551 377 616 Non
410 554 456 614 itu
487 553 599 636 paucis
631 548 713 613 locis
742 553 776 613 in
808 570 879 613 eum
912 547 1108 610 sententium
1149 547 1301 611 adductus

211 678 295 738 sum,
317 671 354 721 ut
379 677 494 721 uocem
523 656 666 743 aliquam
692 659 724 718 iu
740 657 851 720 codice
877 652 1052 738 archetypo
1067 651 1233 715 excidisse
1248 673 1302 738 pu·

216 778 331 829 terem.
400 762 437 828 ld
461 783 501 826 ne
530 774 653 827 temere
683 764 837 825 statuisse
859 760 985 835 uidear,
1036 754 1130 822 lubet
1162 758 1305 824 biccou·

216 892 418 950 memorare,
461 866 580 954 quibus
612 869 696 935 locis
728 869 814 932 idem
857 865 1009 930 mendum
1049 865 1115 928 iem
1149 877 1225 929 unte
1256 885 1304 929 me

215 975 367 1041 omnibus
394 974 608 1062 probantibus
637 988 820 1040 correctum
850 974 912 1050 sit,
958 991 1154 1056 quamquam
1186 992 1252 1034 uno
1276 983 1306 1034 et

215 1083 321 1147 altero
351 1083 495 1147 editores
525 1095 583 1145 uut
619 1101 733 1146 omues
772 1091 830 1142 uut
869 1080 1069 1142 recentiores
1104 1076 1308 1161 ignorarunt,

215 1190 402 1253 coniectum
425 1202 589 1276 repertum
612 1209 711 1264 esse,
733 1185 819 1270 quod
836 1196 996 1248 tenerent.
1043 1181 1129 1248 Num
1153 1180 1181 1259 l,
1204 1185 1246 1245 16
1264 1183 1309 1246 ite

216 1297 402 1358 restitutum
427 1308 458 1358 st
480 1300 581 1372 rotis,
603 1293 654 1373 ll,
672 1296 711 1356 21
739 1290 827 1377 quod
848 1288 1176 1374 reprehenderemus,
1197 1287 1266 1366 lll,
1288 1291 1310 1352 ’1

216 1399 419 1465 inexhausta
449 1399 502 1482 (ab
536 1420 598 1475 eo,
647 1401 702 1484 qui
724 1397 870 1462 codicum
905 1397 1104 1462 deteriorum
1131 1400 1312 1485 principem

217 1504 452 1592 interpoluuit,
499 1501 635 1567 uerlmm
660 1526 725 1567 non
750 1503 834 1567 bene
856 1502 1051 1587 delectum),
1096 1503 1164 1582 lll,
1190 1507 1229 1568 11
1255 1525 1313 1569 cur

218 1614 251 1695 (a
271 1611 408 1676 librario
432 1631 496 1673 non
523 1609 690 1695 antiquo),
736 1610 779 1672 66
800 1629 885 1687 uno,
907 1613 951 1673 62
974 1618 1033 1690 ut,
1079 1608 1148 1688 lv,
1172 1609 1216 1673 66
1237 1630 1312 1689 non,

215 1721 258 1782 74
288 1718 405 1781 studius
429 1717 649 1800 (stultorum),
673 1715 727 1793 V,
751 1718 795 1779 38
819 1736 904 1794 uon,
926 1718 969 1780 49
992 1736 1079 1795 erse,
1121 1719 1164 1780 14
1185 1738 1265 1795 rem,
1279 1719 1308 1799 ¹)

219 1845 326 1909 neque
348 1821 531 1888 dubitatum
554 1836 602 1901 st,
627 1824 704 1908 quin
726 1820 753 1900 Ι,
770 1825 813 1887 66
834 1836 909 1908 post
932 1828 981 1886 rt'c
1003 1822 1184 1887 excidisset
1202 1822 1313 1887 strbie·

218 1944 306 1993 ctum
327 1932 516 2005 sementim
562 1928 596 1992 ll
615 1949 744 2014 quoque
765 1931 808 1992 36
830 1948 922 2012 quom
945 1929 1100 1991 omissum
1124 1928 1249 2008 luisse,
1270 1926 1313 1994 eb

218 2035 294 2099 aliis
320 2048 390 2099 eret
417 2034 633 2100 intellectum.
697 2033 761 2096 His
791 2032 873 2097 locis
904 2056 967 2121 ego
1001 2035 1184 2121 perspicuis
1214 2057 1313 2119 urgu-

219 2142 338 2204 mentis
358 2141 517 2205 adductus
540 2141 600 2206 bos
623 2140 753 2217 addidi,
800 2143 857 2226 qui
878 2142 907 2203 si
926 2141 1012 2203 inter
1034 2161 1069 2203 so
1092 2153 1126 2203 ct
1148 2162 1223 2205 cum
1245 2140 1313 2204 illis

219 2245 341 2312 conlati
372 2246 512 2326 fuerint,
556 2249 665 2312 minus
692 2248 791 2309 etium
824 2244 916 2309 tutti
946 2245 1158 2309 uidebuntur:
1206 2249 1313 2325 1,66

217 2355 358 2437 (semper
383 2353 515 2440 aliquid
536 2358 597 2438 „),
621 2352 675 2433 ll,
697 2354 741 2416 26
760 2351 895 2434 (dene),
918 2353 961 2415 82
983 2351 1130 2437 (queem),
1151 2353 1195 2415 97
1220 2348 1312 2435 (deo-

217 2463 296 2541 tus),
319 2456 381 2537 ΙΙΙ,
404 2462 445 2523 16
467 2462 643 2543 (tresorum
667 2464 736 2542 „),
756 2462 800 2523 26
825 2459 1052 2544 (numquam),
1072 2460 1114 2522 61
1137 2459 1261 2542 (neque
1284 2505 1312 2534 .,

217 2570 368 2648 rtirtute),
395 2563 467 2644 IV,
488 2568 510 2628 2
534 2567 692 2651 (quicque
714 2571 776 2649 „),
798 2569 840 2630 17
863 2567 1001 2649 (quom),
1016 2566 1060 2626 66
1083 2564 1187 2646 (nour
1211 2565 1310 2628 ceteri

217 2671 410 2735 addiderunt
430 2673 551 2754 enim),
587 2672 641 2750 V,
663 2675 705 2736 31
737 2672 889 2756 (prtum),
931 2673 975 2734 8⁰
996 2669 1097 2750 (donn
1117 2691 1191 2734 cum
1215 2671 1311 2735 Lum-

217 2775 685 2861 bino),81(t‘ilttddt'ccre).
733 2775 898 2843 Uocesub
922 2775 997 2840 eliis
1020 2790 1119 2841 nutu
1151 2798 1204 2841 me
1236 2798 1311 2864 sup·

215 2881 324 2970 pletas
348 2886 462 2948 notaui
486 2885 593 2949 formu
614 2883 808 2948 litterarum.
851 2880 961 2946 Pluris
989 2904 1127 2960 uersus,
1159 2884 1311 2969 quemad-

216 2990 348 3055 modum
370 2993 404 3053 in
426 2989 463 3069 Ι,
482 2992 526 3054 22
547 2991 675 3070 eccidit,
696 2993 881 3075 suspicatus
904 3010 977 3053 sum
999 2989 1165 3052 excidisse
1186 2989 1242 3070 ΙΙ,
1260 2993 1311 3055 34.

308 3092 396 3157 lllud
418 3097 519 3159 etiem
541 3097 575 3159 in
597 3094 748 3180 pluribus
779 3094 863 3159 locis
893 3092 934 3158 alt
967 3093 1043 3157 eliis
1067 3096 1133 3158 ium
1163 3111 1234 3160 eret
1263 3099 1312 3160 in·

217 3197 406 3276 tellectum,
432 3201 575 3285 ascripto
607 3199 754 3285 quedam
787 3200 1026 3286 interpretandi
1055 3221 1172 3266 caussa
1200 3205 1234 3266 in
1260 3224 1313 3267 co·

217 3305 288 3368 dice
313 3302 491 3390 archetypo
520 3303 629 3368 locum
656 3305 740 3367 inter
764 3302 932 3371 Ciceronis
961 3303 1064 3372 uerba
1096 3308 1242 3373 tenuisse
1271 3308 1314 3388 (Ι,

215 3413 258 3489 3,
279 3408 347 3488 ΙΙΙ,
373 3412 431 3487 17,
452 3412 506 3488 36,
530 3407 599 3488 IV,
620 3412 683 3488 63,
706 3411 756 3488 V,
778 3414 840 3490 64,
866 3424 954 3489 tum,
977 3415 1034 3498 qni
1054 3411 1120 3477 loci
1141 3412 1314 3499 longiores

217 3515 446 3580 adnotationes
467 3536 486 3578 e
511 3517 660 3603 margine
684 3530 853 3603 susceptas
871 3509 1014 3594 hebent,
1055 3516 1107 3597 ll,
1129 3521 1193 3583 1oe
1217 3533 1251 3585 et
1268 3520 1313 3601 V,

216 3621 283 3698 21).
333 3618 423 3683 ldem
448 3620 606 3685 accidisse
631 3644 694 3708 ego
719 3622 896 3687 arbitratus
918 3644 990 3687 sum
1014 3624 1113 3688 etium
1138 3622 1191 3690 his
1214 3626 1315 3693 locis:

92 3727 98 3735 '
216 3723 243 3802 l,
266 3726 319 3803 66,
345 3723 389 3805 ll,
412 3727 465 3818 26,
491 3728 555 3805 36,
580 3726 880 3815 ttt,22,35(qui
901 3729 966 3792 duo
987 3727 1052 3793 loci
1072 3728 1216 3815 plurium
1239 3755 1315 3798 ucr-

219 3832 333 3895 borum
356 3832 522 3896 additione
546 3837 688 3918 corrupti
711 3836 823 3916 suut),
840 3836 894 3912 66,
918 3834 979 3913 tv,
1001 3837 1034 3914 o,
1053 3837 1106 3914 62,
1129 3835 1182 3916 V,
1203 3840 1259 3917 28,
1282 3854 1315 3903 et

218 3939 264 4001 itu
285 3938 319 4000 in
343 3937 486 4023 singulis
509 3937 593 4004 locis
616 3941 717 4004 iudici
740 3960 873 4004 caussas
895 3941 1057 4027 exposui,
1080 3953 1118 4004 ut
1141 3962 1228 4007 nunc
1254 3944 1316 4008 lmc

217 4045 449 4130 conpurntione
472 4043 657 4112 confirmari
678 4045 712 4110 id
739 4044 851 4111 uelim.

239 4288 267 4360 ¹)
285 4290 362 4345 Addi
380 4288 466 4343 debet
486 4287 546 4353 lll,
575 4293 626 4352 te,
664 4289 715 4343 ulti
736 4309 792 4347 nos
809 4298 877 4344 ente
895 4309 956 4344 eone
972 4298 1079 4361 preter
1097 4308 1176 4348 mcor
1196 4294 1313 4347 codices

286 4383 423 4439 omittunt
441 4381 527 4436 etism
545 4381 591 4453 ξψι
626 4381 671 4437 lte
690 4383 794 4438 cctcris
816 4389 937 4448 tacetur,
951 4390 985 4437 ut
1004 4401 1087 4457 stepo.
