2706 5018
125 166 242 235 val
563 161 820 233 l'llAEl'A'l'lO.

128 360 246 428 Cicero
272 362 322 427 sie
352 372 539 428 uersaretur
569 360 603 423 in
632 358 732 424 rebus
763 355 1016 445 nationibusque
1047 379 1114 424 noa
1145 361 1228 425 satis

127 490 258 557 semper
281 466 370 533 clare
389 468 565 556 perceptis,
581 465 819 551 adcederetque
838 468 937 530 etiam
959 463 1142 531 difficultas
1164 463 1228 532 Le-

129 578 190 640 tiai
211 576 374 639 sermonis
400 596 464 639 noa
490 570 588 638 lacile
618 593 723 636 nouas
744 593 799 636 res
832 574 1025 659 recipientis
1054 586 1088 636 et
1116 593 1224 660 perse·

129 681 281 768 quentis,
325 703 423 767 quam
447 701 583 744 necesse
605 692 636 744 st
657 700 723 743 aon
747 701 823 744 raro
843 691 987 744 mentem
1008 678 1161 743 nonnihil
1185 678 1223 743 ab

127 790 275 873 ipsarum
311 809 421 861 rerum
451 788 653 873 cogitatione
683 799 718 850 et
746 783 1024 870 contemplatione
1055 806 1223 861 euocasse,

128 893 250 958 facttum
275 906 318 971 st,
341 906 376 956 ut
400 893 564 957 interdurn
595 896 695 958 etiam
719 895 752 956 ia
785 894 846 969 iis,
888 911 960 977 qua
989 888 1132 955 obscura
1162 912 1225 955 aaa

130 1012 241 1065 essent
262 1022 302 1064 ao
323 1020 365 1063 ne
394 1021 415 1063 a
437 997 562 1064 Graecis
581 1001 712 1086 quidem
744 1009 896 1082 sumpta,
943 997 1001 1060 ssd
1031 994 1170 1088 abipso
1193 998 1225 1061 in

130 1108 337 1193 argumentis
365 1104 599 1171 concludendis
637 1107 806 1182 instituta,
853 1099 1023 1168 aborreret
1057 1101 1226 1187 uerbaque

130 1215 237 1300 tnagis
259 1233 357 1297 quam
377 1213 572 1275 sententiam
588 1207 741 1275 ecficoret
761 1211 811 1292 (ut
830 1208 873 1288 ll,
896 1210 940 1274 85
962 1221 996 1272 et
1018 1209 1073 1287 bb,
1094 1207 1139 1288 V,
1159 1209 1227 1291 bl).

130 1317 247 1404 Neque
269 1317 331 1382 boe
353 1319 386 1383 in
407 1315 459 1380 bis
478 1314 678 1381 solislibris
690 1313 842 1381 Ciceroni
863 1315 1001 1393 accidit,
1022 1314 1080 1378 sed
1103 1315 1137 1377 ia
1159 1335 1229 1378 om·

130 1423 228 1489 aibas
251 1425 313 1503 iis,
359 1443 441 1509 quos
463 1424 504 1487 de
524 1422 626 1487 simili
652 1425 788 1487 materia
811 1422 928 1487 eodem
949 1434 1132 1505 temporum
1156 1422 1230 1484 aui-

131 1533 239 1616 miquo
261 1526 376 1594 habitu
398 1531 540 1614 scripsit.
584 1527 685 1596 Uelnt
707 1529 761 1611 (aa
781 1529 852 1592 sine
874 1525 1032 1612 exemplo
1054 1547 1125 1590 rem
1148 1545 1232 1590 nou·

130 1633 214 1700 nihil
236 1636 370 1700 inuidia
393 1633 579 1701 babituram
600 1634 859 1721 praetermittam)
882 1632 1038 1698 Acsdcm.
1049 1630 1093 1710 ll,
1113 1635 1159 1696 09
1181 1636 1232 1698 sic

130 1741 293 1827 loquitur:
339 1740 417 1806 Deo
451 1745 566 1826 placet
603 1763 672 1807 erse
710 1740 878 1805 Carneadi
904 1759 1032 1824 gessero
1063 1743 1230 1814 aiterum

130 1855 167 1913 ia
188 1867 253 1912 sao
275 1845 362 1911 boae
383 1847 599 1914 diuisionem:
629 1848 701 1913 alia
722 1852 796 1910 reita
817 1866 898 1923 erse,
920 1866 989 1930 que
1007 1849 1141 1928 percipi
1152 1866 1235 1930 por-

130 1959 216 2031 siet,
242 1954 333 2031 ulio,
358 1972 431 2038 prta
453 1974 519 2018 neu
537 1960 687 2038 possint3
709 1959 746 2019 iu
765 1953 1025 2016 altercantem:
1059 1951 1131 2014 ulia
1156 1957 1234 2017 aisa

131 2078 201 2124 erte
220 2056 429 2143 probabilia,
450 2061 521 2125 ulia
545 2080 610 2124 sort
631 2057 830 2144 probabilis.
877 2055 970 2123 Nihil
992 2068 1101 2142 potest
1121 2059 1234 2123 miuus

130 2175 219 2230 recto
243 2163 324 2240 dici3
365 2184 472 2249 neque
501 2168 589 2228 caim
608 2166 673 2230 duo
698 2164 767 2228 baec
792 2177 887 2229 erant
911 2166 1056 2229 uisurum
1076 2179 1235 2249 separata

130 2291 274 2358 genera,
309 2291 416 2354 neque
435 2269 503 2335 alia
527 2284 640 2349 erant,
685 2291 757 2356 quae
788 2272 914 2356 percipi
935 2283 993 2334 aut
1015 2290 1081 2333 noa
1104 2272 1233 2358 percipi

130 2388 285 2462 possent,
307 2373 393 2455 alia,
417 2398 489 2461 quae
512 2374 698 2462 probabilia
720 2388 778 2440 aut
800 2399 866 2440 non
889 2374 1075 2462 probabilia
1098 2392 1232 2454 essent3

131 2478 335 2560 (Carneades
369 2483 500 2566 quidem
533 2482 661 2548 nullum
693 2503 849 2567 umquam
877 2483 1002 2568 percipi
1030 2501 1129 2566 possa
1162 2495 1231 2547 sta·

131 2584 278 2666 tuebat);
321 2588 381 2652 sed
404 2588 532 2674 duplex
561 2602 632 2655 erat
664 2590 812 2653 nieorum
840 2587 1090 2654 diuidendcrum
1120 2591 1231 2668 satiet

131 2695 276 2779 priorem
298 2694 404 2761 Stoici
424 2693 668 2781 sequebantur,
713 2693 780 2759 alia
802 2695 948 2780 percipi,
971 2691 1038 2757 alia
1062 2714 1128 2757 noa
1156 2716 1231 2780 per·

131 2802 196 2886 cipi
218 2800 385 2880 dicentes,
430 2799 619 2867 Carneades
640 2801 746 2866 altera
774 2801 927 2865 standum
948 2797 1105 2883 putabat,
1148 2821 1230 2887 qao·

132 2907 221 2969 niam
243 2905 372 2969 nullum
395 2909 504 2972 uisum
536 2906 804 2994 probabilitatem
837 2904 1143 2991 supergrederetur.
1190 2906 1228 2971 lu

132 3009 270 3095 Topicis
293 3016 312 3092 ς
333 3014 393 3090 bl,
435 3025 607 3099 postquam
641 3013 758 3079 Cicero
791 3012 831 3076 tle
862 3032 1052 3077 caussarum
1081 3010 1156 3078 loco
1180 3013 1227 3097 (ib

202 3286 272 3351 §28
289 3300 351 3356 sqq.
372 3284 408 3339 de
426 3285 538 3352 morbo,
556 3286 752 3360 spectatione,
769 3288 854 3352 uitio,
884 3286 1047 3342 uitiositate
1065 3284 1229 3351 trabuntur,

201 3373 227 3428 si
244 3375 307 3447 ipsa
334 3394 453 3433 excusse
479 3385 509 3433 et
533 3397 598 3434 eum
625 3380 751 3444 Graecis,
790 3398 853 3453 qtroe
881 3378 986 3433 Sextus
1011 3379 1177 3452 Empiricos
1199 3387 1229 3434 et

201 3467 345 3540 Diogcnes
364 3470 496 3526 laiirtius
513 3471 638 3538 lrabeat,
668 3472 782 3527 conlata
801 3471 929 3536 luerint,
947 3478 996 3525 sut
1012 3489 1076 3544 quse
1093 3472 1227 3527 Araden.

200 3558 250 3614 lib.
271 3560 283 3614 l
311 3565 328 3628 s
354 3567 390 3616 26
413 3562 449 3616 ele
474 3565 663 3636 qualitatibus
689 3566 828 3620 dieantur
851 3581 917 3616 eum
944 3564 1026 3633 graui
1054 3565 1229 3619 eoniusioae

200 3650 256 3706 suiv
273 3654 427 3725 ποιοτήτων
442 3662 471 3709 et
488 3652 541 3712 wir
565 3656 658 3715 ποιῶν.
714 3655 791 3711 lllutl
817 3655 997 3711 facillumum
1024 3656 1162 3727 expeditu
1191 3662 1229 3721 st,

199 3744 277 3815 qaod
294 3745 323 3799 ll
341 3745 378 3799 ele
394 3745 457 3800 Nat.
480 3748 566 3803 Deor.
592 3755 628 3802 29
647 3755 736 3803 totam
755 3747 981 3820 disputationem
999 3747 1103 3802 Cicero
1123 3748 1225 3802 obseu-

200 3834 277 3888 rauit
295 3844 324 3890 et
350 3838 464 3891 inanem
492 3841 634 3904 reddidit,
667 3859 753 3913 quom
772 3835 849 3911 σῶμα
871 3839 1018 3911 uolopeplt
1045 3839 1119 3910 (niel.
1148 3839 1225 3895 Sext

198 3926 336 3998 Empirie.
354 3930 417 3984 adu
426 3931 561 3986 llatlrem.
572 3932 624 3995 tx,
643 3933 709 3999 119)
726 3932 998 4004 interpretatorem:
1016 3951 1122 3989 omnen
1141 3941 1249 4001 trista-¹

199 4039 277 4082 eam,
316 4041 379 4094 qrses
395 4043 452 4078 sors
466 4027 601 4079 rolitmiu
626 4033 699 4079 esset
720 4043 810 4096 ireque
836 4026 972 4093 simplex,
1008 4027 1062 4080 scri
1086 4044 1149 4079 curs
1167 4029 1225 4080 slis

199 4116 299 4166 iuuetu
316 4124 404 4188 atque
422 4134 560 4179 corruere,
582 4134 656 4179 non,
673 4122 706 4168 ul
727 4114 845 4169 ‹lebuiis
883 4134 946 4187 qrrse
969 4126 1042 4173 esset
1062 4120 1225 4188 epbseibss

197 4207 330 4273 ‚rueram
348 4207 440 4280 (ipsa)
462 4211 614 4281 conposita.
