2706 5018
211 374 216 379 ’
327 374 385 441 ΕΤ
407 373 517 443 Mau.
541 375 625 442 LlB.
649 376 696 441 lll
721 374 817 441 CA'P.
841 378 891 442 lb.
1091 377 1155 441 tat

108 584 163 629 rom
185 566 322 631 diuitiae
342 589 407 632 non
432 573 554 659 pintin
581 572 688 650 honio,
711 571 803 635 nulla
825 593 878 635 ars
900 573 1026 635 diuitiis
1052 575 1154 635 conti·

108 674 135 735 ri
159 684 278 759 pateat.
316 675 371 737 dd.
395 673 492 751 Quod
516 681 545 740 ei
569 679 610 742 de
633 677 1000 758 artibusconcedamus,
1024 680 1154 742 uirtutis

108 796 169 842 aren
191 800 257 842 non
280 781 323 841 ait
344 781 459 845 eadem
485 785 589 861 ratio,
628 798 802 869 propterea
827 786 913 869 quod
938 784 1018 848 baec
1043 784 1154 870 pluru-

108 903 135 947 te
156 888 440 950 commentationis
461 901 493 951 et
513 892 762 953 exercitationis
780 891 939 976 indigeat,
958 892 1043 975 quod
1065 890 1151 954 idem

120 989 244 1054 artibus
266 994 414 1071 nonsit,
465 1008 497 1056 et
522 995 606 1080 quod
632 998 737 1058 uirtus
761 995 994 1075 stabilitatem,
1018 994 1153 1059 firmita-

108 1116 148 1175 u,
185 1101 400 1162 constantiam
424 1103 524 1187 totius
546 1103 635 1164 uitae
661 1100 885 1186 conplectatur
912 1123 972 1166 nec
997 1102 1079 1166 haec
1100 1124 1154 1165 ea·

108 1223 133 1267 ar
156 1205 192 1266 in
216 1202 344 1267 artibus
369 1226 443 1270 esee
463 1207 643 1271 uideamus.

149 1308 315 1396 Deinceps
335 1310 522 1397 explicatur
546 1313 736 1377 differentia
760 1335 888 1394 rerum,
915 1334 1012 1399 quam
1036 1314 1065 1376 si
1089 1333 1152 1375 non

115 1474 149 1519 tt.
163 1478 291 1531 propterea
304 1474 375 1532 qnod)
388 1476 467 1521 amc
504 1477 712 1533 commentationis)
727 1480 945 1526 commendationis
959 1476 1072 1525 LPMGR
1106 1490 1152 1522 noa

108 1551 141 1605 m)
152 1552 300 1597 aenaeum
313 1550 356 1597 Bb

108 1705 161 1763 ilar
177 1709 305 1762 docairre
322 1709 477 1761 narrantur
503 1707 594 1791 (Sext.
619 1710 701 1780 Emp.
727 1711 792 1763 adu.
817 1711 908 1764 aiath.
929 1710 1003 1772 vn,
1041 1709 1107 1776 tut)
1126 1716 1154 1763 et

108 1798 131 1855 ia
156 1801 288 1872 ipraaqne
314 1796 479 1873 καταλήψεις
504 1799 532 1852 ia
568 1799 696 1869 rapiente
730 1801 816 1854 etium
841 1802 916 1855 bona
944 1816 1004 1852 oeae
1028 1798 1153 1853 noluitne

108 1890 329 1948 tutoresne.
347 1910 371 1946 c.
388 1895 407 1945 7
425 1909 452 1962 p.
464 1890 531 1946 1⁰61
545 1892 587 1957 0),
608 1892 770 1947 tamennon
789 1892 898 1947 itahec
914 1892 984 1947 alibi
1001 1908 1153 1963 peraeque·

108 1990 177 2051 rtur,
197 1992 228 2039 at
244 1980 398 2053 κατάληψιν
414 1983 582 2054 rimpliciter
600 1986 706 2039 bonnm
725 1988 906 2056 appellarent
925 1983 1000 2039 etin
1020 1985 1081 2037 ullo
1100 1980 1154 2037 aiei

108 2073 185 2129 tieate
203 2093 264 2130 eree
281 2083 429 2147 negarent.
487 2077 578 2131 Nimia
598 2078 672 2131 enim
692 2087 791 2148 aperte
810 2079 837 2132 in
857 2079 886 2131 id
904 2077 1085 2140 incidissent,
1123 2075 1153 2129 in

108 2167 137 2220 ad
159 2176 254 2229 tanea
272 2168 436 2222 incidebant
454 2169 606 2233 emollius,
635 2176 682 2233 ut,
718 2189 803 2240 quom
821 2170 874 2240 ipai
891 2187 922 2224 re
939 2168 1074 2241 sapientie
1093 2183 1153 2222 cete
1252 2199 1254 2203 <

108 2261 348 2331 apretiterentnr,
367 2261 459 2315 omnic
478 2278 575 2314 corum
595 2269 623 2314 et
640 2261 768 2317 doctrina
787 2267 816 2317 ot
836 2263 897 2317 uita
909 2263 1073 2334 insipientia
1085 2267 1153 2316 nota

108 2356 248 2407 mmet.
307 2353 384 2408 lllud
404 2370 518 2424 prorant
540 2352 663 2415 mirum,
699 2354 723 2406 si
750 2356 849 2410 Cicero
868 2352 941 2409 nibil
961 2355 1151 2426 perturbabit,

108 2442 288 2518 odiliogeaea
309 2443 490 2509 huiuamodi,
517 2445 677 2514 quuliabic
695 2455 855 2517 ponuntur,
890 2447 1067 2520 argrrmentir
1086 2466 1151 2517 pru·

108 2537 182 2593 Man
199 2536 362 2604 crediderit,
383 2537 516 2592 uirtutem
537 2535 644 2591 diuitiia
664 2556 718 2592 non
738 2537 884 2594 contineri.

134 2628 173 2683 dd.
205 2631 322 2684 uirtutia
342 2639 433 2684 tamea
460 2648 514 2683 aua
532 2631 569 2682 rit
594 2632 687 2682 eudem
707 2632 792 2696 ratio)
828 2631 935 2685 Redire
961 2632 1098 2685 Catonern
1117 2633 1152 2683 ud

108 2713 192 2789 baeu
209 2721 367 2776 orationem
387 2723 575 2786 reddendam,
596 2722 716 2792 adparet
734 2739 767 2773 ex
786 2739 834 2786 co,
854 2723 929 2791 quod
947 2729 990 2776 ter
1009 2722 1154 2792 particule

108 2812 360 2869 “coniunctiuorn
388 2815 504 2869 modum
524 2812 627 2867 subicit
646 2814 806 2881 (indigeat,
843 2815 895 2875 eit,
933 2814 1152 2882 conplectatur),

108 2898 236 2962 &tunila
255 2910 329 2960 eruet
348 2923 463 2971 cauata,
498 2907 523 2960 si
546 2908 606 2961 hec
630 2909 701 2961 Cato
724 2923 739 2957 e
764 2922 816 2959 aua
843 2922 963 2975 perrona
986 2907 1104 2975 loquenr
1123 2905 1151 2961 in

108 2990 195 3054 ¹haria
211 2997 356 3053 uenientia
377 2999 414 3050 ait
431 2999 545 3053 tantum
564 3003 681 3070 propter
696 2998 911 3069 hypotheticam
937 2998 1061 3053 formum
1087 3014 1152 3053 ora·

108 3086 277 3146 &diceret
337 3091 416 3160 Ergo
442 3089 583 3146 infinitiuo
608 3092 742 3145 utendum
767 3092 854 3147 irrisae
872 3090 1000 3145 uidetur:
1038 3091 1153 3144 uirtutis

108 3188 153 3235 Ι·
167 3201 220 3238 aaa
240 3185 354 3237 eoadem
372 3199 431 3236 ecee
450 3184 593 3236 rationem.
637 3185 674 3237 m
693 3185 821 3255 prolecto
843 3183 971 3237 usitatius
992 3181 1032 3237 eie
1051 3182 1152 3239 Cicero

108 3266 229 3341 liniarem
253 3276 315 3330 'aad
342 3275 428 3329 etiam
452 3275 523 3330 alibi
544 3295 599 3331 uno
619 3279 758 3331 etaltera
778 3278 840 3330 locu
859 3276 887 3329 in
906 3276 1069 3330 huiusmodi
1087 3293 1153 3330 ortt-

108 3368 271 3439 !tcbliqua
288 3367 400 3431 linitum
423 3369 505 3422 uerbi
531 3370 645 3423 modum
672 3368 805 3434 retinuit,
843 3373 874 3422 ut
893 3367 984 3439 magio
1003 3369 1155 3439 adpareret

108 3454 261 3515 fldicionalir
279 3460 467 3531 uignilicatiu‚
505 3462 587 3515 uelut
605 3467 618 3515 1
643 3462 699 3516 ou.
718 3460 786 3515 158:
823 3463 895 3536 quod
914 3462 939 3513 ei
958 3463 1048 3515 urania
1065 3463 1152 3527 nobie,

108 3552 172 3605 Md
189 3553 294 3605 uictura
312 3553 467 3628 cultamque
482 3556 631 3622 pertineat,
649 3557 731 3629 puori
747 3556 863 3624 airgulu
882 3554 995 3617 diuina,
1015 3561 1046 3608 ut
1063 3556 1152 3618 uiuat,

108 3642 320 3709 meditarentur,
356 3651 413 3699 trun
442 3652 551 3715 optumo
578 3648 691 3721 puiepue
723 3648 850 3718 ingenio,
886 3648 1007 3717 negotiia
1032 3649 1154 3700 omnibua

108 3728 177 3799 'ltin
194 3744 282 3792 lotan
300 3753 330 3789 te
354 3738 383 3790 iu
400 3739 557 3808 cognitione
576 3746 602 3792 et
620 3740 736 3793 scientio
755 3739 918 3793 conlocaret.
957 3738 1065 3792 Debuit
1081 3739 1152 3791 dici:

108 3832 130 3877 Ι
140 3836 243 3899 mune
254 3846 384 3905 putatque
396 3831 508 3901 ingenio
529 3861 558 3872 -
579 3849 609 3884 ee
626 3832 831 3885 conlocatarum
845 3848 921 3895 ωας
939 3831 1065 3885 retertur
1078 3831 1154 3886 enim

108 3912 202 3977 ·lllad=
222 3922 283 3977 Nec
302 3938 398 3975 uerear
416 3925 551 3998 at,.puod
569 3923 672 3976 dieitur
690 3942 707 3976 u
729 3924 899 3999 paidaudcta.
937 3924 1003 3978 Nat.
1025 3925 1109 3979 liuor.
1129 3924 1152 3989 1,

108 4000 180 4069 'abi
202 4022 248 4070 etr
285 4030 372 4083 aeque
397 4015 467 4068 enim
493 4022 549 4069 tora
578 4016 716 4086 deeipicaa
738 4016 857 4083 saintet,
897 4015 1000 4069 reclina
1027 4015 1154 4070 futurum

108 4104 146 4155 Ut
174 4124 257 4177 nepae
276 4107 349 4161 caim
366 4114 423 4161 tara
444 4108 622 4178 desipientem
641 4110 771 4173 saturam
792 4107 885 4175 saitae
905 4105 973 4173 (uiri
998 4108 1039 4163 ita
1057 4111 1154 4177 earet),

108 4186 175 4255 tle.
221 4201 296 4257 itam
333 4214 367 4253 ex
401 4200 534 4255 Paridoni
564 4218 685 4272 perenna
717 4201 791 4257 ratio
825 4197 954 4255 redditur
978 4198 1063 4254 iudici
1088 4204 1154 4254 aute

108 4280 161 4341 hd.

109 4458 118 4473 .
144 4366 264 4455 ”decepi
282 4384 441 4455 explicatur
452 4386 610 4457 differentia
629 4386 734 4453 reram)
751 4383 779 4438 id
793 4390 845 4448 eat,
862 4399 970 4449 eorum,
982 4396 1053 4451 que,
1067 4392 1153 4448 quotu

920 4490 956 4545 28
