2730 5016
332 349 553 418 ADDENDA
580 353 637 416 ΕΤ
662 353 967 422 coaetaneus.
1136 361 1197 421 871

170 550 279 601 adiectu
300 546 416 609 utimur,
436 547 494 611 seul,
514 563 599 618 quom
619 549 768 616 personale
784 565 938 618 pronomen
957 549 1198 619 genitiueeareat‚

167 649 295 722 genilius
304 649 395 701 nerstri
403 649 681 720 gonorispossessiui.
694 653 800 705 Uerum
809 650 874 721 quie
883 653 941 706 lieo
951 654 1197 726 epesialiorsigni·

167 755 298 809 tisatioin
308 754 725 824 quibusdamconiunctionibus
736 763 764 809 et
774 755 898 810 eminere
907 763 998 825 potest
1008 735 1197 822 e'tobrourari

166 877 220 912 uon
248 866 325 912 certo
347 860 402 912 lina
419 859 523 929 ubique
539 859 690 930 possessiui
710 858 841 914 adiectiui
861 864 890 914 et
904 861 1023 931 genitiui
1042 879 1107 916 usur
1126 863 1195 919 sliri·

165 963 260 1027 ruitur,
280 965 327 1015 rell
348 969 390 1024 et,
407 972 493 1033 quom
515 965 602 1034 uolgo
621 963 731 1018 (linatur
753 973 900 1018 aecusator
918 982 1010 1031 meus,
1029 965 1084 1019 disi
1102 974 1195 1037 potest

167 1069 240 1135 (cic.
260 1068 295 1121 orl
307 1069 362 1120 litt.
382 1067 508 1135 x1‚8)=
528 1067 601 1121 misit
618 1069 713 1135 filium
733 1076 924 1123 accusatorem
941 1072 1003 1134 mei,
1022 1076 1054 1124 ut
1072 1072 1196 1125 emineat

165 1172 264 1226 consili
284 1174 420 1225 adiremus
440 1190 485 1225 me
504 1172 606 1243 agendi
633 1172 745 1242 meique
772 1173 902 1243 patientis
928 1173 1118 1246 significatio,
1158 1182 1195 1240 et,

166 1294 252 1345 quom
277 1279 363 1347 uolgo
383 1278 475 1344 imago
494 1295 554 1328 mea
576 1278 754 1348 appelletur,
776 1278 940 1332 rectissume
961 1284 1054 1332 tamen
1075 1297 1130 1332 eon
1146 1296 1191 1333 so·

162 1381 221 1432 lum
250 1380 387 1450 Uirgilius
413 1381 498 1432 dixit:
534 1399 637 1449 magno
657 1382 711 1433 mei
728 1382 769 1449 (ie
790 1390 842 1447 est,
864 1383 969 1436 moines
989 1385 1121 1451 Wesenr)
1142 1385 1190 1436 sut

165 1486 246 1536 terris
268 1485 316 1535 ibit
337 1486 438 1553 imago,
459 1486 505 1538 scil
526 1483 659 1537 similiter
680 1483 798 1552 dicetur,
821 1486 980 1556 uibicunque
999 1488 1143 1542 notionem
1159 1489 1193 1540 de

162 1589 241 1641 nobis
260 1590 348 1641 «luetis
369 1596 396 1641 et
416 1597 540 1642 nostram
561 1594 694 1641 staturum
715 1589 895 1659 exprimentis
914 1590 1047 1661 imaginis
1066 1591 1190 1645 eminere

162 1695 299 1746 nolemus.
343 1694 397 1744 Sed
419 1693 446 1744 in
466 1693 521 1745 hue
538 1692 656 1748 subiecti
674 1694 827 1763 preprieel
838 1713 888 1764 per
899 1713 929 1747 sn
941 1694 1190 1765 cogitatienecou-

160 1797 233 1866 cepti
261 1797 407 1850 notatione
428 1798 550 1867 primum
566 1801 673 1867 posito,
693 1798 794 1850 deinde
813 1798 978 1868 posterioris
994 1799 1084 1854 atatis
1103 1816 1190 1870 prosa

158 1899 291 1954 orationis
318 1900 469 1972 scriptores
505 1901 617 1971 longius
647 1900 869 1973 progrediuntur
895 1918 980 1972 qaam
1012 1903 1188 1973 antiquiora

160 2012 187 2057 ct
209 2004 319 2068 (lis-ore,
339 2006 410 2075 spat
430 2022 513 2074 quens
537 2006 699 2061 huiuamodi
724 1998 887 2076 genitiuom'
902 2005 955 2059 nisi
976 2009 1039 2076 post
1056 2007 1188 2062 substan·

159 2109 218 2160 tiua
235 2109 364 2161 uerliulia
384 2108 430 2161 uix
449 2108 585 2178 reperias,
606 2111 637 2162 ut
655 2111 860 2177 deprecatorem
879 2109 939 2174 mei,
959 2110 1189 2179 consumptionem

156 2213 200 2264 sui
231 2213 281 2280 (sle
315 2212 397 2266 lloin.
428 2215 518 2280 §tin
557 2215 650 2267 Cesar
679 2216 725 2281 (ll.
764 2215 800 2267 G.
830 2215 883 2276 lV,
923 2212 972 2279 28)
999 2212 1087 2267 diuiti
1127 2231 1187 2268 eum

156 2334 256 2384 sssagoo
268 2319 313 2369 soi
329 2318 471 2384 p:·rioulo‚·
490 2319 564 2388 aprrd
584 2318 717 2372 Ouidium
728 2318 861 2387 grauitas
882 2319 927 2371 sui
946 2315 1048 2370 dieitur
1070 2316 1110 2383 (id
1132 2324 1184 2380 est,

162 2420 206 2472 slis
225 2421 358 2474 Srlrwere
377 2421 453 2474 ilsres
472 2424 604 2485 wesema,
633 2422 696 2474 ihre
715 2422 881 2490 speeissselse
900 2420 1068 2488 subruere),
1095 2421 1185 2474 multo

161 2524 245 2592 [stura
257 2527 283 2577 et
295 2523 410 2577 ‹lirriora
421 2526 493 2594 eputl
505 2524 636 2578 Tncitnm
647 2525 733 2590 (olna.
743 2525 781 2590 ll,
798 2523 833 2577 51
849 2523 1063 2592 nostriorigisse‚
1082 2525 1130 2588 ll',
1149 2522 1185 2576 ‘tt

155 2628 243 2693 primo
265 2629 433 2690 miinoesso,
446 2630 497 2692 vl,
510 2628 526 2681 7
537 2629 574 2680 erl
583 2627 734 2680 altisidiues
746 2628 799 2693 sui,
819 2626 885 2691 Xll,
903 2625 938 2679 37
949 2626 1116 2695 supplicium
1126 2629 1185 2691 mei,

156 2730 219 2795 XV,
238 2732 273 2786 te
291 2734 377 2800 ionga
398 2733 443 2785 sul
460 2733 595 2794 absentio,
616 2732 690 2785 llist.
711 2732 762 2794 iil,
781 2730 816 2783 ot
835 2748 854 2783 u
870 2731 1023 2798 primordio
1044 2731 1113 2797 eui),
1137 2731 1183 2799 qui

157 2836 285 2904 pluribus
304 2837 372 2890 los-is
392 2843 432 2891 sic
450 2836 590 2891 reinduit
608 2836 670 2889 nori
693 2842 778 2903 parte
803 2835 912 2909 (pssinto
932 2835 978 2887 sui
999 2841 1083 2903 ports
1110 2836 1180 2887 Aen.

154 2946 209 3004 lli,
228 2942 275 3005 ru,
295 2943 373 3006 xlv,
391 2941 423 3005 o,
443 2942 508 3006 XV,
533 2940 591 3006 te).
631 2937 695 2994 Alis
716 2955 749 2992 ex
769 2939 878 3000 Curtio,
899 2937 1046 3005 Suetonio,
1064 2937 1183 2998 Seneca,

154 3045 258 3097 tustino
285 3046 398 3100 omitto.
453 3047 561 3100 Contra
594 3045 745 3098 obscurata
784 3044 837 3096 illa
861 3041 1006 3097 notatione
1031 3042 1138 3096 ‹listum
1159 3048 1184 3096 rt

154 3149 291 3201 desiderio
310 3168 367 3202 meo
389 3168 440 3219 pro
460 3149 514 3202 mei
531 3147 702 3214 etrimilie,
741 3167 800 3218 qsroe
819 3148 865 3200 liic
884 3165 939 3201 noa
960 3146 1084 3217 attingo.
1124 3153 1184 3201 lum

153 3252 180 3306 iu
201 3271 308 3305 ouossoe
324 3252 437 3307 nomine
453 3271 539 3325 quom
558 3271 614 3308 non
633 3268 739 3322 magno
758 3269 845 3321 opere
863 3249 1073 3321 significaretur
1089 3249 1182 3304 salsio-

152 3364 226 3411 stum
238 3375 325 3428 agens
344 3364 394 3410 siut
412 3356 533 3427 patiens,
552 3359 716 3411 meluerunt
732 3355 827 3410 Latini
845 3355 939 3408 (lisera
957 3359 1053 3407 nostru
1071 3371 1181 3417 caussa,

154 3469 181 3513 et
200 3467 311 3526 tumen,
331 3462 397 3530 quia
416 3477 537 3532 persona
554 3479 604 3514 nos
625 3479 742 3515 monem
763 3460 961 3531 cogitabatur,
980 3464 1093 3529 poterat
1110 3459 1182 3522 fieri,

150 3568 183 3618 ut
208 3567 350 3620 dicoretur
368 3566 458 3619 nostri
482 3565 665 3630 suessulam
694 3563 852 3618 Riseksicht
871 3564 919 3617 tiir
946 3577 1032 3617 unere
1059 3563 1179 3617 Porsin-

149 3669 281 3738 liclsleil)
308 3677 337 3726 et
364 3673 407 3725 tui
430 3689 531 3726 neusse
562 3671 625 3739 (um
656 3670 754 3724 doioer
779 3669 899 3741 sigenen
928 3668 1036 3722 Person
1061 3668 1179 3734 willon).

149 3773 248 3826 Nostri
272 3793 372 3828 coesse
397 3794 453 3831 non
480 3777 584 3830 bonam
619 3774 819 3829 auctoritatem
845 3773 935 3825 trabat
959 3769 1112 3826 domuin.
1142 3771 1180 3830 ll,

149 3877 217 3941 1265
239 3878 288 3931 lrie
306 3879 341 3932 ilo
362 3879 424 3932 Fin.
447 3879 473 3931 ll
484 3916 492 3943 ,
510 3879 548 3932 ou
566 3879 632 3931 Bas.
653 3882 681 3931 et
700 3876 774 3929 (lud.
793 3874 809 3927 l
830 3874 874 3926 sui
890 3889 1005 3935 caussa,
1033 3879 1064 3924 ut
1082 3870 1180 3925 uidens

150 3981 235 4037 otiam
253 3984 411 4038 scribarum
429 3999 565 4036 errorem.
602 3979 681 4050 (Quo
702 3997 757 4033 uno
776 3980 839 4032 loeo
860 3976 935 4048 apud
954 3976 1119 4030 ciceronem
1140 3976 1181 4027 tui

147 4086 175 4139 in
195 4086 317 4158 simplis-i
338 4087 447 4141 ratione
467 4083 625 4156 possession
644 4083 768 4154 legitor,
786 4083 821 4137 orl
840 4082 920 4136 Fam.
942 4087 986 4146 ll,
1004 4078 1031 4145 6,
1050 4078 1090 4132 ilii
1109 4078 1177 4133 esri-

145 4191 211 4260 psit‚
230 4195 262 4246 nt
279 4192 450 4263 repiremus,
467 4191 549 4244 mins
568 4197 624 4243 tue.
652 4186 746 4243 Plauti
768 4185 930 4242 huiusmodi
948 4186 1026 4242 loeus
1046 4181 1177 4236 Pseudel.

146 4300 168 4356 l,
188 4296 221 4360 1,
238 4296 267 4363 3,
286 4314 320 4350 er
341 4295 602 4367 singularissimus
622 4298 699 4348 ortua
719 4291 786 4358 est.)

84 4399 105 4455 P.
127 4398 181 4455 276
199 4399 227 4454 in
245 4416 305 4457 aar.
315 4405 459 4472 scripturn
471 4402 526 4470 leg.
538 4399 588 4466 Et)
599 4398 672 4462 Quid
683 4397 773 4459 alic,
792 4401 818 4451 et
828 4394 946 4448 rleinde:
967 4392 1033 4445 milri
1044 4390 1132 4464 inquis
1142 4390 1176 4442 R.
