2730 5016
440 364 678 433 EXCURSUS
703 365 779 432 Vll.
1090 371 1151 432 sul

129 567 166 619 Bt
187 582 219 618 er
238 563 338 618 studii·
358 569 386 616 et
407 580 440 616 ex
465 563 576 634 scriptio
594 561 754 617 drietotetie
774 562 830 614 alia
850 563 940 632 magia
967 563 1001 616 ed
1029 580 1153 618 summer

60 669 225 738 qrteetioner
246 667 432 738 philosophie
449 666 642 723 subtilirounre
659 665 1066 738 persequendarpertinelraot‚
1086 667 1153 733 elia,

59 791 120 843 que
138 772 168 826 in
195 772 258 825 uite
278 773 409 827 lrumune
427 772 539 828 actione
549 772 689 841 reburqne
702 770 823 840 publicio
843 776 872 824 et
890 769 1009 841 priuati·
1027 777 1153 826 contem·

59 877 171 946 planello
196 877 393 942 armabantur,
418 882 476 930 ianr
505 878 541 930 ab
568 875 620 930 illa
645 874 808 929 subtilitate
825 873 953 928 nonnihil
972 873 1154 929 declinabant

57 982 126 1046 (cfr.
144 982 211 1034 Etlr.
230 981 381 1035 adNieom.
398 982 425 1045 l,
443 981 463 1035 3
481 982 554 1045 ettt,
572 979 613 1046 2),
633 980 781 1050 magiaque
798 980 866 1045 ianr,
884 996 944 1048 qun
961 978 1154 1032 udlrirtoriem

58 1092 86 1138 et
106 1102 202 1138 rerum
219 1101 236 1138 a
254 1092 357 1139 return
368 1092 529 1139 creatarum
546 1083 761 1155 descriptionem
773 1083 1155 1154 pertinebantqadcedelrant

57 1188 211 1252 rhetorica,
219 1191 281 1242 tum
290 1188 454 1256 mundetur,
468 1189 497 1242 in
510 1188 735 1261 dialogirrerutu
747 1191 780 1243 ad
791 1190 853 1244 uite
863 1191 1001 1243 actionem
1011 1188 1154 1259 pertiuen-

58 1293 129 1346 tium
141 1292 304 1364 popularier
322 1289 431 1363 scripte
444 1292 638 1362 expositionem
670 1296 793 1359 Horum,
812 1313 896 1365 quom
916 1296 1076 1359 ederentur,
1094 1293 1153 1346 alie

58 1398 173 1451 iaciliue
192 1398 273 1452 etad
294 1396 384 1465 plurie
403 1398 528 1468 euagata
546 1415 622 1462 eree,
640 1399 699 1452 ulia
713 1397 793 1453 initio
813 1416 868 1452 non
888 1401 949 1452 iere
970 1396 1021 1453 niti
1041 1399 1076 1450 ad
1095 1415 1152 1461 eoa,

58 1503 108 1571 qui
127 1502 326 1573 philosophum
343 1501 434 1570 iprum
447 1501 531 1555 timul
544 1500 677 1556 audirent
695 1503 885 1568 audierentue,
904 1504 990 1557 troile
1007 1503 1153 1574 intellegi-

59 1613 114 1660 tur.
152 1606 318 1661 tirirtotelee
336 1623 427 1675 neque
446 1606 605 1676 generatim
616 1608 705 1661 libros
718 1623 783 1661 tuor
802 1607 949 1678 doecriprit
965 1625 1055 1679 neque
1068 1625 1151 1678 quor·

57 1713 124 1765 dant
143 1713 269 1765 occulto·
294 1711 412 1775 habuit,
446 1709 500 1762 niri
525 1712 599 1781 quod
623 1711 753 1765 nonnulli
785 1728 840 1765 non
867 1712 998 1766 celeriter
1031 1711 1153 1765 coniecti

57 1819 132 1869 eunt.
163 1816 218 1885 Qui
239 1816 313 1885 epurl
334 1815 424 1884 iprum
444 1811 594 1886 ἐξωτερικοὶ
612 1811 953 1887 λόγοιιοιιιιιοιιιοτιιιιίιιτ,
972 1815 992 1868 ii
1012 1833 1066 1869 non
1086 1814 1152 1869 libri

58 1929 133 1985 nont,
152 1921 199 1973 red
219 1936 382 1974 communen
403 1918 551 1971 hominurn
572 1937 626 1973 non
637 1921 752 1976 rudium
769 1927 848 1973 extra
870 1923 1153 1976 scholamrermoner

58 2023 252 2094 nationesque,
270 2030 298 2077 et
313 2025 370 2081 reio
388 2019 458 2080 nerei
477 2019 637 2094 φιλοσοφίαν
653 2023 742 2096 λόγοις
761 2025 898 2078 contrarii
916 2032 1058 2096 ponuntur
1070 2028 1151 2092 (lltlr.

59 2128 166 2182 lt'iaom.
186 2129 220 2192 1,
243 2128 295 2195 8),
332 2145 431 2182 eorum
452 2127 625 2181 mentionem
644 2128 810 2183 Aristotelen
826 2130 899 2183 facit
918 2139 966 2184 aut
985 2128 1154 2182 tertilicuodi

58 2248 158 2287 raum
176 2229 311 2301 (καθάπερ
328 2228 508 2305 διαιροόμιθα
525 2238 570 2286 καλ
588 2231 618 2287 ἐν
633 2235 688 2290 τοῖς
706 2232 867 2304 ἐξωτερικοῖς
888 2232 975 2305 λόγοις
992 2233 1058 2286 Eth.
1078 2233 1150 2286 Eud.

58 2339 81 2400 Ι,
100 2336 136 2400 1;
154 2343 200 2389 καὶ
217 2335 267 2407 γᾶρ
285 2336 381 2392 ἐντοῖς
402 2335 565 2404 ἐξωτερικοῖς
582 2334 673 2408 λόγοις
699 2334 876 2408 διοριζόμεθα
899 2345 960 2408 περὶ
986 2334 1074 2391 οότιόν
1087 2337 1152 2394 πολ-

58 2436 134 2494 λάκις
151 2439 235 2495 Petit.
255 2446 306 2505 111,
323 2441 355 2506 d)
376 2447 426 2494 aut
444 2446 476 2493 ut
494 2457 542 2493 eor
560 2440 588 2494 in
610 2457 728 2508 precene
742 2442 875 2494 autticere
894 2448 922 2494 et
940 2440 1075 2493 tenendos
1094 2457 1153 2494 ecee

57 2544 150 2607 dicat,
190 2561 274 2613 quom
301 2544 435 2598 subtilior
466 2560 527 2597 rem
547 2544 695 2613 exquirere
713 2561 768 2596 non
787 2550 871 2598 uacet
889 2544 970 2613 (Ettr.
990 2543 1152 2598 adll'ieom.

58 2648 228 2716 x111,l).¹)
266 2646 322 2701 Sed
339 2653 435 2701 tamen
453 2663 486 2699 ex
505 2647 590 2701 truina
608 2645 809 2718 appellationi·
827 2648 901 2700 talea
920 2645 1153 2717 interpretatione

57 2754 132 2824 apud
148 2751 328 2823 porteriorer,
345 2769 431 2821 quom
449 2751 556 2820 aeriptr
573 2753 699 2821 quedam
717 2750 871 2821 rignidcari
890 2750 977 2822 ipeiua
995 2751 1154 2804 drirtotelir

57 2862 239 2929 putarentur,
259 2855 343 2909 facile
358 2863 453 2910 autem
469 2856 631 2926 adpareret,
650 2856 690 2909 rie
708 2854 849 2909 nominari
857 2851 916 2909 τοές
925 2852 963 2919 ἐξ.
971 2851 1066 2925 λόγοις,
1084 2854 1152 2909 utin

57 2963 93 3017 iio
112 2963 194 3016 nulla
209 2958 341 3013 rubtitior
355 2977 450 3013 rerum
467 2960 651 3030 pertractatio
667 2965 829 3031 poneretur,
849 2956 948 3013 dioieio
966 2965 1027 3012 tota
1042 2968 1105 3013 orta
1120 2967 1153 3012 rt.

58 3064 213 3121 Etediuuit
231 3082 355 3122 errorem
375 3080 481 3136 magor
498 3064 667 3135 rcriptorom
676 3062 1008 3126 drirtoteliediuerritar,
1027 3064 1152 3119 tumdii-

80 3383 102 3436 t)
115 3382 183 3427 llrne
197 3380 258 3426 zeni
278 3384 302 3425 et
315 3381 438 3427 Mlelreleti
451 3379 683 3436 interpretationem,
700 3379 724 3423 in
738 3390 806 3436 quern
820 3381 875 3424 olinr
889 3377 1013 3425 zetdteror
1027 3378 1152 3436 incideret,

114 3472 160 3502 uon
175 3457 254 3502 nereio
269 3471 283 3503 a
297 3458 404 3505 Kriochio
420 3459 541 3503 eonlletarn
555 3456 682 3513 appellem
700 3470 743 3501 nee
757 3461 836 3502 temen
851 3458 937 3513 dubito,
952 3456 1007 3512 quin
1022 3469 1051 3500 ee
1065 3456 1115 3500 nole
1128 3460 1153 3499 et

113 3535 250 3578 reetireume
265 3547 280 3578 e
296 3536 376 3579 nerbir
396 3536 524 3580 ectletatnr.
564 3532 666 3578 ltrieelril
686 3534 839 3590 senteutiam,
867 3535 907 3592 qul
925 3535 1000 3595 tprlnr
1016 3531 1154 3577 drlrtotelir

114 3611 283 3669 dirputetloner
302 3611 378 3655 minor
397 3611 427 3657 ad
447 3608 599 3670 phllnroplrle
618 3611 769 3656 eubtillteteru
783 3611 888 3664 linctu.
916 3612 968 3658 rino
986 3611 1086 3667 reriptea
1101 3608 1153 3652 eine

115 3699 162 3731 non
178 3687 293 3743 nuptae,
314 3687 440 3744 Intellegit,
459 3702 556 3746 prorrer
578 3689 667 3734 euertit
691 3694 716 3734 et
737 3688 758 3733 ir
774 3689 862 3744 modun,
886 3702 931 3746 quo
950 3687 1090 3733 Arietoteler
1111 3684 1153 3729 λιιι

116 3755 206 3828 λόγους
225 3757 392 3830 ἐξωτερικοός
409 3765 560 3820 testificatur,
574 3769 598 3809 et
612 3778 668 3810 naue
683 3765 802 3821 loquendi.
823 3767 906 3821 lleque
921 3766 984 3808 euim
999 3752 1154 3825 ἐξωτερικόν

115 3855 159 3899 per
178 3856 205 3888 re
227 3849 249 3887 rt
268 3831 300 3887 τό
316 3831 364 3888 otiu
384 3835 606 3905 ἐξηκριβωμέγον,
624 3843 665 3887 ned
680 3841 740 3898 quod
754 3853 808 3884 oum
822 3840 860 3889 lle,
877 3852 927 3895 qne
941 3844 1009 3885 extre
1022 3845 1085 3894 runt,
1099 3852 1153 3883 eon-

115 3918 217 3963 ionetorn
233 3923 262 3962 rt.
293 3919 358 3963 Mire
374 3926 398 3964 et
411 3921 529 3977 multipler
545 3925 581 3964 ert
595 3915 675 3964 Stalrrl
690 3915 867 3970 interpretatio,
897 3914 936 3970 qni
950 3928 966 3959 a
982 3917 1086 3961 Weireio
1106 3917 1154 3969 (uel

116 3994 191 4050 potiar
212 3995 354 4047 lltecobono)
375 3996 479 4052 quedem
503 3994 622 4041 mutuatur
649 3994 748 4053 primunr
771 3984 848 4049 ἐξωτ.
867 3984 957 4056 λόγους
983 3998 1073 4039 tanturn
1106 3993 1154 4036 etia

114 4069 201 4126 roripte
215 4074 286 4126 atque
300 4071 332 4126 id,
347 4071 407 4128 quod
424 4084 485 4114 nuno
499 4072 603 4129 legetur,
617 4070 747 4128 rigoltloari
763 4076 829 4128 putet
842 4071 911 4127 (qnod
926 4070 994 4115 uerbi
1010 4069 1046 4115 uie
1062 4069 1154 4114 omnino

115 4148 196 4200 uetat),
218 4146 302 4191 deinde
319 4147 407 4204 eeripta
421 4147 450 4191 ed
466 4153 553 4192 certem
568 4148 682 4204 quendam
697 4147 818 4191 materiem
832 4147 926 4205 proprie
941 4159 986 4190 non
1001 4144 1155 4203 pertlnentia,

117 4227 232 4278 poetrerno
246 4224 284 4277 (ad
299 4225 418 4280 uolgarem
432 4224 573 4269 rententlarn
595 4225 713 4276 relebenr)
734 4222 823 4279 scripto
842 4223 964 4281 poputarla
982 4227 1007 4266 et
1027 4221 1056 4268 ed
1079 4220 1154 4277 lpenur

116 4298 242 4356 diaeipliuae
258 4299 394 4356 conplexum
420 4312 465 4343 non
484 4301 635 4355 pertinentia.
