2706 5018
210 236 232 295 2
569 227 631 291 DE
652 223 830 293 FINIBUS
855 223 955 291 Bon.

212 423 390 510 losoplsium
414 430 463 488 sie
479 427 665 508 percurrit,
696 432 733 486 at
755 423 974 501 demonstret,
997 422 1080 509 qnid
1098 421 1301 508 inphysicis,

211 534 410 608 dialecticis,
433 528 551 593 etla'cis
572 534 643 592 eius
665 528 829 592 desideret
853 539 887 593 et
905 528 1123 614 reprehendat
1144 531 1188 609 (e.
1210 532 1300 612 6-7).

212 637 449 716 Defensioueru
479 633 624 720 Epicuri
649 637 835 721 slorqautus
867 641 1004 720 suscipit
1034 644 1086 716 et,
1127 641 1246 699 ceteris
1273 640 1301 698 in

213 745 310 809 uliud
336 753 461 827 tempus
490 747 643 817 reiectis,
689 748 759 805 eius
789 742 830 805 de
859 763 978 806 strumoso
1008 741 1090 805 borso
1114 746 1305 805 sententian

212 853 362 936 explicat
384 852 431 928 (e.
452 851 502 927 8).
541 846 695 931 Exponit
714 854 828 931 egitur,
849 845 1148 932 Epicurisormons
1171 847 1308 911 docendi

212 978 348 1043 sequeus
373 964 405 1018 et
437 975 522 1039 sape
550 953 660 1017 aeriis
680 960 750 1017 eius
772 963 877 1033 uteus,
899 975 991 1018 omme
1014 955 1141 1018 oaimal
1162 975 1184 1018 o
1202 959 1308 1039 prino

214 1071 288 1126 orta
318 1071 440 1125 matura
463 1062 662 1144 ssoluptatem
683 1059 857 1142 adpetere,
904 1060 1046 1123 dolorem
1068 1080 1242 1144 respsoere,
1274 1067 1309 1122 nt

211 1168 392 1253 adpareat,
436 1168 528 1230 illam
558 1186 620 1249 per
651 1186 686 1228 se
718 1166 954 1250 expetendam,
999 1164 1086 1229 lsaae
1108 1166 1310 1229 reiciendum

213 1296 283 1339 esse
305 1277 349 1353 (c.
368 1277 416 1355 9).
460 1269 530 1334 Sed
554 1278 604 1335 ita
621 1271 761 1355 probari
781 1274 991 1357 uoluptatem,
1016 1271 1191 1355 improbari
1221 1271 1310 1335 dolo·

211 1402 289 1457 rem,
313 1389 348 1442 ut
372 1378 517 1441 delectus
530 1376 718 1454 faciendus
741 1384 788 1442 sit
805 1389 839 1442 et
858 1386 944 1463 setpe
967 1380 1154 1461 uoluptates
1176 1385 1312 1460 preter-

210 1486 390 1561 mittenda,
415 1504 457 1547 ue
478 1490 617 1547 rauiores
640 1485 769 1547 dolores
792 1478 1047 1573 cousequantur,
1068 1492 1104 1548 et
1122 1483 1254 1548 dolores
1278 1491 1311 1547 et

204 1592 361 1678 pericula
391 1588 560 1654 sssbeauda
591 1596 748 1654 maiorum
782 1591 986 1675 uoluptatum
1018 1612 1137 1670 caussa
1167 1590 1213 1670 (e.
1242 1593 1312 1673 111).

215 1697 422 1782 Uoluptatem
454 1707 561 1761 autem
585 1696 626 1762 ab
651 1692 800 1781 Epicuro
831 1699 986 1784 intellegi
1013 1718 1078 1761 uon
1103 1717 1174 1760 eom
1194 1698 1311 1775 solans,

209 1825 282 1891 qtseo
312 1825 425 1868 seusus
459 1814 546 1868 motu
577 1804 715 1888 qaedam
751 1805 886 1881 titillet,
930 1804 990 1867 sed
1009 1823 1194 1868 ruaxssmssm
1217 1803 1312 1867 illan

205 1917 341 1995 putari,
366 1929 439 1997 astte
457 1916 667 1992 percipiatur
691 1915 780 1972 omui
803 1909 915 1974 dolore
936 1919 1057 1974 remoto
1080 1911 1125 1989 (e.
1148 1913 1218 1992 11).
1268 1908 1313 1974 In

209 2014 272 2078 luae
304 2036 373 2078 esse
394 2036 546 2078 summam
567 2014 703 2095 boussut,
736 2014 853 2092 facile
874 2016 1028 2100 intellegi
1045 2036 1158 2101 posse,
1199 2021 1313 2100 posito

209 2130 287 2185 utute
311 2121 422 2184 oculos
444 2126 592 2205 imagine
614 2142 707 2205 quom
731 2130 811 2200 eius,
835 2130 894 2207 qui
914 2122 1060 2187 oumibar
1083 2121 1311 2207 uoluptatibus

196 2226 362 2304 fruatur,
402 2227 497 2290 stalla
520 2247 558 2290 re
581 2228 789 2313 s'upeds'eute,
832 2239 898 2294 tnm
923 2236 1014 2308 eius,
1053 2234 1114 2316 qui
1131 2233 1170 2293 s‘n
1189 2246 1310 2294 mnus·

208 2334 333 2397 doloris
360 2339 513 2397 cruciato
545 2339 599 2398 sit.
674 2335 797 2422 Itaque
825 2350 978 2403 summam
1009 2354 1079 2401 esre
1110 2333 1229 2399 bonnus
1258 2340 1310 2400 in·

210 2439 315 2503 eunde
344 2445 462 2503 mittere
490 2442 533 2518 (c.
558 2444 626 2528 12).
704 2441 850 2506 Uirtutes
882 2451 990 2505 autem
1024 2456 1170 2526 tromper
1187 2448 1226 2506 se
1250 2458 1311 2506 en·

200 2551 285 2630 peti,
307 2544 367 2608 sed
381 2548 579 2631 quodmalte
589 2546 802 2625 aufferautad
808 2548 952 2612 ineastde
962 2557 994 2610 et
1003 2547 1183 2633 tranquille
1191 2552 1309 2612 uiuen-

206 2652 298 2726 slsum,·
323 2650 479 2728 idsocile
489 2660 681 2738 perspicitis
689 2660 855 2739 sapientia
864 2655 1119 2738 stueprudentiu
1128 2651 1308 2733 (abietinn

206 2760 421 2844 cupiditatum
437 2759 558 2824 diuisto
569 2758 1311 2846 adtingitur),temperentia,fortitudinsm‘ss·

204 2871 298 2929 stitia
321 2862 369 2948 (c.
387 2868 512 2949 13-16).
550 2865 756 2952 Uoluptatem
778 2877 810 2932 et
832 2868 976 2931 dolorem
1004 2871 1149 2931 animis
1172 2880 1309 2952 corpore

208 2976 310 3047 oriri,
358 2991 420 3034 uec
451 2980 559 3036 tomen
591 2994 657 3037 aon
686 2981 791 3039 muita
821 2995 891 3039 esse
919 2974 1019 3037 asulto
1054 2981 1228 3058 utrunque
1267 2978 1305 3039 in

206 3083 314 3140 auimo
337 3097 433 3161 qaum
455 3083 490 3140 iu
514 3099 669 3162 corpore,
716 3082 804 3165 quod
823 3079 884 3146 lsoc
904 3085 1082 3165 praecutit
1102 3081 1206 3144 solum
1227 3088 1306 3144 tesn-

199 3187 293 3266 poris
313 3187 483 3266 particeps
504 3188 567 3263 sit,
613 3190 741 3249 arsimus
763 3194 932 3270 preterita
956 3190 1160 3264 meminerit,
1178 3185 1308 3263 datm

203 3296 359 3373 expectet
376 3291 420 3367 (c.
444 3292 512 3373 17).
562 3289 641 3355 Non
664 3313 758 3375 posse
779 3295 923 3357 iucunde
944 3299 1036 3372 uini,
1074 3290 1306 3369 mistionem,

202 3414 264 3458 neo
286 3393 438 3472 hostede,
472 3401 541 3459 uisi
559 3398 714 3462 iucunde.
763 3397 889 3465 Sedato
915 3400 1040 3465 etenum
1064 3403 1174 3463 naisso
1196 3396 1307 3462 sntio·

201 3507 308 3586 tisque
333 3500 573 3586 cupiditatibus
593 3512 625 3569 et
648 3506 830 3571 terroribus
852 3505 947 3570 beate
968 3511 1043 3570 sissi
1059 3525 1155 3589 posse
1175 3505 1220 3584 (e.
1240 3506 1309 3586 18).

202 3607 324 3695 Itaque
347 3615 528 3693 sapientem
550 3631 675 3697 semper
693 3634 764 3678 esre
787 3613 934 3690 besuam,
970 3611 1126 3691 sortuuae
1146 3615 1311 3695 potestati

200 3733 265 3778 non
293 3716 426 3780 assitam
452 3715 641 3783 subiectum.
710 3721 913 3786 Diuleetieis
935 3718 1119 3805 Epsenruns
1140 3737 1207 3786 non
1224 3717 1309 3781 usst-

199 3827 266 3883 tan
297 3819 471 3900 tribuisse,
520 3824 608 3909 qnod
629 3847 669 3889 eu
691 3827 737 3891 ad
755 3825 851 3891 beate
872 3827 1049 3890 sss‘aendsan
1071 3831 1180 3888 essent
1202 3827 1307 3886 inuti·

199 3924 264 4003 lio,
304 3924 454 4009 physicis
468 3931 675 4012 plurumum,
723 3933 811 4016 qaod
831 3935 1017 3997 utilissuma
1036 3938 1146 3995 essent
1166 3931 1213 4010 (o.
1233 3928 1308 4011 20).

199 4031 366 4109 Postremo
395 4039 595 4114 amicitiem,
638 4058 829 4124 quamquem
862 4038 1030 4101 nonnullis
1052 4036 1129 4101 tolli
1149 4033 1307 4099 uideatur

195 4136 341 4222 Epicuri
373 4139 545 4220 doctrino,
586 4151 696 4207 tamen
725 4147 782 4207 ael
806 4162 963 4207 monnone
986 4142 1027 4209 ab
1050 4163 1089 4207 eo
1113 4140 1252 4207 landari
1271 4146 1308 4202 et

197 4243 404 4322 confirmari,
428 4247 469 4310 ad
494 4249 643 4315 utilitate
659 4247 921 4334 proficiscentem
947 4253 991 4327 (a.
1016 4253 1083 4329 21).
1139 4244 1302 4310 Summam
