2706 5018
217 354 277 421 ΕΤ
299 355 409 422 MAL.
432 355 516 421 Llll.
537 356 569 421 ll
594 357 689 425 CAP.
710 367 741 424 6.
965 368 1029 433 178

108 572 188 618 uum
212 574 286 618 eum
313 556 399 616 uitae
419 553 585 638 perfectae
608 559 824 642 prosperitate
837 560 1027 636 coniunxit3

112 660 266 723 adiunxit
293 660 334 723 ad
363 659 569 726 honestatem
594 660 816 747 uoluptatem,
859 662 1027 729 Diodorus

108 790 136 831 m
162 767 368 831 honestatem
391 766 515 830 addidit
538 772 733 832 uacuitatem
759 767 893 832 doloris.
933 770 1025 835 Idem

108 876 269 961 ipimus,
294 875 324 936 si
345 877 541 937 sententiam
566 874 669 953 hanc,
693 897 777 961 quae
799 896 884 939 nunc
904 874 1026 941 Hiero-

108 1026 115 1059 ,
162 981 390 1043 coniunxisset
413 1002 486 1043 cum
519 981 682 1067 Aristippi
715 994 827 1044 uetere
849 984 1023 1046 sententia.

120 1088 208 1148 inter
232 1107 268 1148 ae
290 1086 506 1162 dissentiunt3
543 1102 716 1173 propterea
733 1086 879 1170 ,singulis
902 1085 1024 1151 linibus

109 1205 161 1270 et,
183 1215 279 1278 quom
304 1206 439 1277 uterque
463 1192 589 1259 Graece
611 1195 747 1279 egregie
769 1192 939 1278 loquatur,
962 1215 1024 1258 neo

108 1321 133 1376 a,
157 1302 213 1383 qui
237 1298 439 1384 uoluptatem
461 1322 622 1365 summum
645 1299 767 1364 honum
789 1300 886 1377 dicit,
906 1302 939 1362 in
964 1320 1024 1362 no-

108 1407 170 1468 mit
192 1426 256 1466 nou
280 1402 411 1484 dolere,
453 1428 556 1492 neque
578 1407 815 1490 Hieronymus,
858 1406 913 1491 qui
934 1426 1022 1469 sum·

108 1533 164 1573 um
186 1512 301 1573 statuit
323 1532 387 1573 non
410 1511 541 1591 dolere,
582 1512 763 1599 uoluptatis
795 1514 925 1575 nomine
949 1534 1021 1576 uur-

108 1639 155 1679 :ur
178 1639 236 1701 pro
259 1615 319 1679 illa
339 1616 537 1692 indolentia3
577 1621 695 1703 quippe
719 1621 772 1704 qui
798 1641 839 1681 ne
862 1620 895 1681 in
918 1640 1020 1702 expe-

108 1723 190 1786 idem
214 1721 312 1785 rebus
333 1737 482 1787 numeret
505 1724 720 1807 uoluptatem.
750 1768 754 1773 -

126 1831 180 1891 2⁰.
223 1826 318 1891 Duae
340 1843 415 1891 sunt
434 1833 521 1892 enim
544 1851 597 1892 res
619 1850 768 1914 quoque,
800 1849 841 1890 ue
863 1825 1023 1917 tuluerba

108 1948 168 1998 tes.
228 1933 335 1999 Unum
362 1949 392 1997 st
414 1938 485 1997 siue
509 1933 622 1997 dolore
646 1955 739 2009 esse,
785 1932 925 1995 alterum
947 1953 1021 1995 cum

108 2086 111 2103 .
156 2039 226 2105 Uos
250 2062 293 2103 ex
319 2039 370 2102 his
392 2053 455 2103 tam
479 2038 695 2103 dissimilibus
715 2038 812 2104 rebus
835 2059 899 2100 non
924 2036 1020 2100 modo

108 2169 185 2210 num
224 2152 315 2225 (nam
339 2145 370 2208 id
396 2146 525 2209 facilius
544 2143 705 2232 paterer,)
747 2146 804 2209 sed
829 2146 927 2207 etiam
949 2165 1019 2206 rem
1074 2144 1084 2153 ”

108 2334 138 2377 ul
150 2332 172 2377 Ε
201 2331 317 2389 Callipho)
331 2331 504 2388 chlltphonor.
532 2330 645 2383 adiunxit)
658 2328 801 2387 adtungttll
828 2329 859 2373 etl
873 2327 1018 2375 honestatem

110 2409 201 2456 hom?
237 2412 306 2463 uuae)
321 2423 367 2453 nee
382 2410 401 2454 1ι
416 2411 496 2453 oruc
525 2422 568 2451 nee
582 2407 665 2459 Arist.)
678 2406 732 2450 hoee
743 2408 773 2450 A.
789 2406 810 2449 E
838 2406 962 2462 poultnon
978 2407 1019 2451 tlo-

108 2485 305 2531 radolorttuel‘
333 2485 583 2543 quidemrehur)ret.
601 2484 676 2539 qu
716 2484 750 2527 ²⁰.
766 2482 1018 2538 quoquelquaramss

112 2579 132 2609 ι.
148 2577 175 2608 ιι.
188 2562 228 2606 Ll’
253 2560 406 2614 mutunus
433 2561 508 2614 modo)
523 2559 615 2605 marc
643 2559 748 2615 paterer)
762 2564 862 2631 poteret
875 2558 967 2604 LMPR

108 2736 143 2794 ro)
183 2731 245 2784 Nou
273 2746 356 2783 ausus
382 2746 445 2781 sum
466 2730 563 2780 contra
583 2723 710 2778 codicum
737 2740 903 2776 consensum
927 2722 1020 2777 hicet

108 2822 141 2888 tt,
159 2825 191 2887 ll,
207 2822 252 2886 73,
271 2822 358 2875 head·
376 2827 413 2882 ll,
431 2818 481 2871 131
503 2827 531 2870 et
548 2819 633 2870 Tuae.
654 2817 687 2877 V,
705 2814 741 2869 85
759 2815 786 2867 in
806 2812 919 2867 nornine
937 2828 1018 2882 pere-

108 2932 125 2967 ιι
139 2913 305 2984 analogiam
315 2910 451 2966 similium
468 2904 614 2962 'nominum
633 2905 720 2977 aequi,
736 2914 768 2960 ut
788 2894 933 2973 Calliphou
950 2904 1020 2957 seri·

108 3005 136 3059 ai
155 3003 275 3073 Antipho
294 3021 349 3057 nou
369 3003 513 3057 ciceronis
531 3006 591 3066 eat,
606 3000 654 3053 sed
674 2997 775 3053 comici
793 2997 914 3052 alienius
928 3001 968 3064 (11
985 2997 1021 3049 tle

107 3138 114 3152 .
175 3095 352 3157 Sententiam
377 3094 566 3165 Calliphontis
598 3091 697 3144 Cicero
724 3095 825 3160 prater
859 3092 936 3143 locos
962 3089 1021 3143 iam

108 3176 122 3242 r⁸
146 3188 256 3259 plenius
280 3193 473 3241 conmemorat
497 3187 553 3239 hor¹
578 3185 652 3237 libro
678 3182 712 3234 at
739 3190 766 3236 et
793 3182 870 3235 inira
900 3183 940 3246 V,
975 3179 1020 3246 21,

130 3282 179 3347 11,
213 3280 281 3345 139,
317 3280 380 3333 Oli.
410 3280 468 3341 lll,
504 3277 573 3342 119,
610 3273 767 3328 distinctius
801 3281 896 3327 autem
919 3274 1018 3344 paullo

108 3374 234 3427 laxanda.
255 3372 361 3427 Strom.
378 3372 406 3425 11
425 3391 452 3440 p.
471 3370 540 3423 415:
559 3365 628 3424 κατὰ
642 3365 671 3423 δὲ
687 3364 746 3425 totis
762 3372 824 3435 περὶ
842 3358 1020 3437 laihaim

108 3462 147 3535 ,ἧς
162 3459 261 3534 ἧδονῆι
277 3457 457 3533 παρεισῆλθεν
477 3456 612 3530 ἦιῖριτῆ,
629 3456 712 3533 χρόνῳ
731 3458 759 3513 δὲ
776 3454 893 3528 ἵότιρον,
910 3454 941 3512 τὰ
958 3462 1020 3525 περὶ

108 3570 128 3611 ιθ
144 3553 303 3621 κατιδοιῖσα,
318 3551 444 3624 ἰσότιμον
460 3549 554 3621 ἑαυτὴν
572 3551 608 3628 τῇ
622 3550 700 3628 ὀρχῇ,
717 3548 787 3607 τοῦτ’
804 3549 860 3605 l'rn
876 3542 911 3623 τῇ
923 3543 1019 3623 ἡδονῇ,

108 3648 180 3720 Qui·
198 3645 303 3713 luerit,
328 3664 383 3700 non
403 3645 495 3717 magis
513 3651 637 3711 constat,
655 3662 741 3715 quarn
759 3644 794 3697 tle
814 3659 864 3707 eo,
881 3639 929 3713 qui
946 3640 1022 3693 infra

108 3740 141 3794 le
159 3738 216 3794 011.
242 3746 272 3792 et
293 3740 381 3793 Tunc.
404 3738 426 3795 1.
450 3754 476 3792 e.
499 3743 561 3790 turn
584 3738 661 3807 opud
686 3738 861 3791 Clementem
878 3730 1022 3786 sententia·

108 3834 169 3887 eius
187 3830 372 3902 adiungitur,
390 3829 591 3883 Dinomachus.

108 3920 229 3995 nulio
263 3938 375 3994 quoque
397 3920 618 3992 Peripateticus,
656 3916 775 3971 Critolai
800 3915 913 3971 auditor
940 3917 969 3967 et
992 3912 1021 3967 iu

108 4032 191 4071 aanor
206 4014 300 4081 (inira
312 4016 353 4078 V,
372 4014 424 4079 14,
454 4014 489 4066 tle
507 4014 586 4066 Orat.
606 4012 636 4074 1,
655 4008 722 4076 11),
738 4014 855 4079 propter
871 4007 946 4058 hunc
961 4004 1022 4055 fero

108 4125 207 4167 ιιιιιιιιο
226 4107 302 4161 hono
319 4104 486 4161 sententiam
504 4103 667 4160 nominatur
688 4101 775 4167 (libro
800 4102 841 4163 V,
877 4097 911 4149 ll
930 4100 958 4148 et
977 4094 1022 4157 21,

108 4206 141 4271 7,
156 4200 249 4257 Acuti.
273 4204 319 4263 11,
336 4197 404 4263 1⁸1,
420 4204 449 4252 et
467 4197 541 4268 apud
559 4195 650 4259 aliona
664 4194 722 4251 uitl.
739 4194 830 4263 llrug.
849 4188 952 4243 Gouola.
971 4184 1022 4237 der

127 4288 352 4369 pfflmu
