<?xml version="1.0" encoding="UTF-8"?>
<!DOCTYPE html PUBLIC "-//W3C//DTD XHTML 1.0 Transitional//EN"
    "http://www.w3.org/TR/xhtml1/DTD/xhtml1-transitional.dtd">
<html xmlns="http://www.w3.org/1999/xhtml" xml:lang="en" lang="en">
 <head>
  <title>
</title>
<meta http-equiv="Content-Type" content="text/html;charset=utf-8" />
  <meta name='ocr-system' content='tesseract 3.04.00' />
  <meta name='ocr-capabilities' content='ocr_page ocr_carea ocr_par ocr_line ocrx_word'/>
</head>
<body>
  <div class='ocr_page' id='page_1' title='image "./mtulliciceronis00madvgoog/mtulliciceronis00madvgoog_0570.png"; bbox 0 0 2706 5018; ppageno 0'>
   <div class='ocr_carea' id='block_1_1' title="bbox 129 338 868 411">
    <p class='ocr_par' dir='ltr' id='par_1_1' title="bbox 129 338 868 411">
     <span class='ocr_line' id='line_1_1' title="bbox 129 338 868 411; baseline -0.009 0"><span class='ocrx_word' id='word_1_1' title='bbox 129 352 192 411; x_wconf 74' lang='lat'><strong>488</strong></span> <span class='ocrx_word' id='word_1_2' title='bbox 481 344 541 408; x_wconf 77' lang='lat' dir='ltr'><strong>1)ss</strong></span> <span class='ocrx_word' id='word_1_3' title='bbox 564 342 741 410; x_wconf 73' lang='lat' dir='ltr'><strong>l&#39;lNlBUS</strong></span> <span class='ocrx_word' id='word_1_4' title='bbox 765 338 868 406; x_wconf 69' lang='lat' dir='ltr'><strong>Bos.</strong></span> 
     </span>
    </p>
   </div>
   <div class='ocr_carea' id='block_1_2' title="bbox 131 532 1235 943">
    <p class='ocr_par' dir='ltr' id='par_1_2' title="bbox 131 532 1235 943">
     <span class='ocr_line' id='line_1_2' title="bbox 222 532 1207 622; baseline -0.007 -19"><span class='ocrx_word' id='word_1_5' title='bbox 222 539 270 619; x_wconf 97' lang='lat' dir='ltr'><strong>ll,</strong></span> <span class='ocrx_word' id='word_1_6' title='bbox 294 543 326 604; x_wconf 78' lang='grc'><strong>3.</strong></span> <span class='ocrx_word' id='word_1_7' title='bbox 372 540 547 602; x_wconf 81' lang='lat' dir='ltr'><strong>Existumo</strong></span> <span class='ocrx_word' id='word_1_8' title='bbox 565 540 684 621; x_wconf 82' lang='lat' dir='ltr'><strong>igitur,</strong></span> <span class='ocrx_word' id='word_1_9' title='bbox 707 538 851 622; x_wconf 81' lang='lat' dir='ltr'><strong>inquam,</strong></span> <span class='ocrx_word' id='word_1_10' title='bbox 876 534 975 615; x_wconf 83' lang='lat' dir='ltr'><strong>Ceto,</strong></span> <span class='ocrx_word' id='word_1_11' title='bbox 998 548 1128 598; x_wconf 86' lang='lat' dir='ltr'><strong>ueteres</strong></span> <span class='ocrx_word' id='word_1_12' title='bbox 1148 532 1207 597; x_wconf 86' lang='lat' dir='ltr'><strong>illes</strong></span> 
     </span>
     <span class='ocr_line' id='line_1_3' title="bbox 131 640 1203 728; baseline -0.007 -17"><span class='ocrx_word' id='word_1_13' title='bbox 131 646 279 711; x_wconf 85' lang='lat' dir='ltr'><strong>Plutonis</strong></span> <span class='ocrx_word' id='word_1_14' title='bbox 302 648 488 724; x_wconf 80' lang='lat' dir='ltr'><strong>auditores,</strong></span> <span class='ocrx_word' id='word_1_15' title='bbox 514 646 755 728; x_wconf 81' lang='lat' dir='ltr'><strong>Speusippum,</strong></span> <span class='ocrx_word' id='word_1_16' title='bbox 787 641 1029 721; x_wconf 79' lang='lat' dir='ltr'><strong>Aristotelem,</strong></span> <span class='ocrx_word' id='word_1_17' title='bbox 1058 640 1203 705; x_wconf 82' lang='lat' dir='ltr'><strong>Xenone·</strong></span> 
     </span>
     <span class='ocr_line' id='line_1_4' title="bbox 132 740 1235 835; baseline -0.007 -19"><span class='ocrx_word' id='word_1_18' title='bbox 132 769 216 831; x_wconf 87' lang='lat' dir='ltr'><strong>tem,</strong></span> <span class='ocrx_word' id='word_1_19' title='bbox 239 754 355 816; x_wconf 85' lang='lat' dir='ltr'><strong>deindo</strong></span> <span class='ocrx_word' id='word_1_20' title='bbox 379 773 492 815; x_wconf 90' lang='lat' dir='ltr'><strong>eorum</strong></span> <span class='ocrx_word' id='word_1_21' title='bbox 517 749 748 828; x_wconf 82' lang='lat' dir='ltr'><strong>Polemonem,</strong></span> <span class='ocrx_word' id='word_1_22' title='bbox 773 747 1067 835; x_wconf 79' lang='lat' dir='ltr'><strong>Theophrastum,</strong></span> <span class='ocrx_word' id='word_1_23' title='bbox 1090 748 1198 809; x_wconf 84' lang='lat' dir='ltr'><strong>setiset</strong></span> <span class='ocrx_word' id='word_1_24' title='bbox 1228 740 1235 827; x_wconf 64' lang='lat' dir='ltr'><strong>l</strong></span> 
     </span>
     <span class='ocr_line' id='line_1_5' title="bbox 132 848 1235 943; baseline -0.007 -21"><span class='ocrx_word' id='word_1_25' title='bbox 132 861 264 943; x_wconf 88' lang='lat' dir='ltr'><strong>copiose</strong></span> <span class='ocrx_word' id='word_1_26' title='bbox 288 873 320 921; x_wconf 89' lang='lat' dir='ltr'><strong>et</strong></span> <span class='ocrx_word' id='word_1_27' title='bbox 343 858 513 943; x_wconf 78' lang='lat' dir='ltr'><strong>eleganter</strong></span> <span class='ocrx_word' id='word_1_28' title='bbox 536 853 691 919; x_wconf 86' lang='lat' dir='ltr'><strong>imbuisse</strong></span> <span class='ocrx_word' id='word_1_29' title='bbox 712 857 924 919; x_wconf 84' lang='lat' dir='ltr'><strong>constitutum</strong></span> <span class='ocrx_word' id='word_1_30' title='bbox 949 851 1158 939; x_wconf 81' lang='lat' dir='ltr'><strong>disciplinam,</strong></span> <span class='ocrx_word' id='word_1_31' title='bbox 1173 864 1194 915; x_wconf 89' lang='lat' dir='ltr'><strong>rt</strong></span> <span class='ocrx_word' id='word_1_32' title='bbox 1228 848 1235 929; x_wconf 59' lang='grc' dir='ltr'>ᾗ</span> 
     </span>
    </p>
   </div>
   <div class='ocr_carea' id='block_1_3' title="bbox 133 956 1235 1578">
    <p class='ocr_par' dir='ltr' id='par_1_3' title="bbox 133 956 1235 1578">
     <span class='ocr_line' id='line_1_6' title="bbox 133 956 1235 1046; baseline -0.005 -21"><span class='ocrx_word' id='word_1_33' title='bbox 133 986 198 1027; x_wconf 94' lang='lat' dir='ltr'><strong>non</strong></span> <span class='ocrx_word' id='word_1_34' title='bbox 222 979 309 1027; x_wconf 84' lang='lat' dir='ltr'><strong>esset</strong></span> <span class='ocrx_word' id='word_1_35' title='bbox 334 984 450 1027; x_wconf 82' lang='lat' dir='ltr'><strong>caussa</strong></span> <span class='ocrx_word' id='word_1_36' title='bbox 472 961 610 1038; x_wconf 83' lang='lat' dir='ltr'><strong>Zenoni,</strong></span> <span class='ocrx_word' id='word_1_37' title='bbox 636 983 734 1046; x_wconf 75' lang='lat' dir='ltr'><strong>qinom</strong></span> <span class='ocrx_word' id='word_1_38' title='bbox 754 958 971 1025; x_wconf 84' lang='lat' dir='ltr'><strong>Polemonem</strong></span> <span class='ocrx_word' id='word_1_39' title='bbox 995 960 1193 1036; x_wconf 67' lang='lat' dir='ltr'><strong>audisseten</strong></span> <span class='ocrx_word' id='word_1_40' title='bbox 1227 956 1235 983; x_wconf 73' lang='lat'><em>¹</em></span> 
     </span>
     <span class='ocr_line' id='line_1_7' title="bbox 133 1064 1189 1157; baseline -0.005 -26"><span class='ocrx_word' id='word_1_41' title='bbox 133 1084 164 1131; x_wconf 89' lang='lat' dir='ltr'><strong>et</strong></span> <span class='ocrx_word' id='word_1_42' title='bbox 189 1069 229 1133; x_wconf 82' lang='lat' dir='ltr'><strong>ab</strong></span> <span class='ocrx_word' id='word_1_43' title='bbox 251 1091 290 1132; x_wconf 89' lang='lat' dir='ltr'><strong>eo</strong></span> <span class='ocrx_word' id='word_1_44' title='bbox 323 1072 394 1154; x_wconf 85' lang='lat' dir='ltr'><strong>ipso</strong></span> <span class='ocrx_word' id='word_1_45' title='bbox 418 1082 451 1131; x_wconf 89' lang='lat' dir='ltr'><strong>et</strong></span> <span class='ocrx_word' id='word_1_46' title='bbox 473 1091 492 1131; x_wconf 87' lang='lat' dir='ltr'><strong>o</strong></span> <span class='ocrx_word' id='word_1_47' title='bbox 514 1066 739 1157; x_wconf 88' lang='lat' dir='ltr'><strong>superioribus</strong></span> <span class='ocrx_word' id='word_1_48' title='bbox 764 1067 959 1141; x_wconf 58' lang='lat' dir='ltr'><strong>dissiderem</strong></span> <span class='ocrx_word' id='word_1_49' title='bbox 1006 1064 1189 1151; x_wconf 88' lang='lat' dir='ltr'><strong>quorumlrit</strong></span> 
     </span>
     <span class='ocr_line' id='line_1_8' title="bbox 134 1168 1188 1259; baseline -0.005 -21"><span class='ocrx_word' id='word_1_50' title='bbox 134 1176 215 1238; x_wconf 86' lang='lat' dir='ltr'><strong>lmeo</strong></span> <span class='ocrx_word' id='word_1_51' title='bbox 239 1176 423 1252; x_wconf 85' lang='lat' dir='ltr'><strong>institutio,</strong></span> <span class='ocrx_word' id='word_1_52' title='bbox 449 1177 483 1237; x_wconf 96' lang='lat' dir='ltr'><strong>in</strong></span> <span class='ocrx_word' id='word_1_53' title='bbox 508 1196 571 1259; x_wconf 85' lang='lat' dir='ltr'><strong>qua</strong></span> <span class='ocrx_word' id='word_1_54' title='bbox 594 1172 835 1236; x_wconf 84' lang='lat' dir='ltr'><strong>uniumduertas</strong></span> <span class='ocrx_word' id='word_1_55' title='bbox 861 1168 977 1250; x_wconf 90' lang='lat' dir='ltr'><strong>uelim,</strong></span> <span class='ocrx_word' id='word_1_56' title='bbox 1002 1170 1078 1256; x_wconf 90' lang='lat' dir='ltr'><strong>quid</strong></span> <span class='ocrx_word' id='word_1_57' title='bbox 1098 1182 1188 1233; x_wconf 78' lang='lat' dir='ltr'><strong>motm-</strong></span> 
     </span>
     <span class='ocr_line' id='line_1_9' title="bbox 134 1278 1188 1364; baseline -0.009 -20"><span class='ocrx_word' id='word_1_58' title='bbox 134 1284 209 1344; x_wconf 90' lang='lat' dir='ltr'><strong>dum</strong></span> <span class='ocrx_word' id='word_1_59' title='bbox 232 1293 346 1364; x_wconf 85' lang='lat' dir='ltr'><strong>putes,</strong></span> <span class='ocrx_word' id='word_1_60' title='bbox 369 1303 427 1343; x_wconf 90' lang='lat' dir='ltr'><strong>nec</strong></span> <span class='ocrx_word' id='word_1_61' title='bbox 452 1293 630 1363; x_wconf 81' lang='lat' dir='ltr'><strong>expectes,</strong></span> <span class='ocrx_word' id='word_1_62' title='bbox 656 1281 733 1343; x_wconf 90' lang='lat' dir='ltr'><strong>dum</strong></span> <span class='ocrx_word' id='word_1_63' title='bbox 755 1279 795 1343; x_wconf 84' lang='lat' dir='ltr'><strong>od</strong></span> <span class='ocrx_word' id='word_1_64' title='bbox 819 1279 929 1341; x_wconf 83' lang='lat' dir='ltr'><strong>omnis</strong></span> <span class='ocrx_word' id='word_1_65' title='bbox 952 1278 1077 1356; x_wconf 84' lang='lat' dir='ltr'><strong>dicem,</strong></span> <span class='ocrx_word' id='word_1_66' title='bbox 1098 1294 1188 1361; x_wconf 85' lang='lat' dir='ltr'><strong>queen</strong></span> 
     </span>
     <span class='ocr_line' id='line_1_10' title="bbox 134 1384 1188 1461; baseline -0.006 -12"><span class='ocrx_word' id='word_1_67' title='bbox 134 1401 166 1452; x_wconf 93' lang='lat' dir='ltr'><strong>te</strong></span> <span class='ocrx_word' id='word_1_68' title='bbox 189 1387 277 1450; x_wconf 86' lang='lat' dir='ltr'><strong>dicta</strong></span> <span class='ocrx_word' id='word_1_69' title='bbox 306 1399 398 1461; x_wconf 83' lang='lat' dir='ltr'><strong>sunt3</strong></span> <span class='ocrx_word' id='word_1_70' title='bbox 440 1389 596 1449; x_wconf 83' lang='lat' dir='ltr'><strong>uniuersa</strong></span> <span class='ocrx_word' id='word_1_71' title='bbox 628 1388 716 1449; x_wconf 88' lang='lat' dir='ltr'><strong>enim</strong></span> <span class='ocrx_word' id='word_1_72' title='bbox 744 1384 877 1449; x_wconf 92' lang='lat' dir='ltr'><strong>illorum</strong></span> <span class='ocrx_word' id='word_1_73' title='bbox 908 1386 1040 1448; x_wconf 79' lang='lat' dir='ltr'><strong>ratione</strong></span> <span class='ocrx_word' id='word_1_74' title='bbox 1064 1392 1188 1447; x_wconf 88' lang='lat' dir='ltr'><strong>comtotr</strong></span> 
     </span>
     <span class='ocr_line' id='line_1_11' title="bbox 135 1490 1188 1578; baseline -0.009 -22"><span class='ocrx_word' id='word_1_75' title='bbox 135 1506 246 1558; x_wconf 87' lang='lat' dir='ltr'><strong>nostru</strong></span> <span class='ocrx_word' id='word_1_76' title='bbox 267 1490 507 1578; x_wconf 81' lang='lat' dir='ltr'><strong>confligendum</strong></span> <span class='ocrx_word' id='word_1_77' title='bbox 535 1506 624 1576; x_wconf 88' lang='lat' dir='ltr'><strong>puto.</strong></span> <span class='ocrx_word' id='word_1_78' title='bbox 668 1494 699 1555; x_wconf 78' lang='lat'><strong>4.</strong></span> <span class='ocrx_word' id='word_1_79' title='bbox 724 1490 791 1568; x_wconf 76' lang='lat' dir='ltr'><strong>Qui</strong></span> <span class='ocrx_word' id='word_1_80' title='bbox 811 1512 910 1578; x_wconf 90' lang='lat' dir='ltr'><strong>quom</strong></span> <span class='ocrx_word' id='word_1_81' title='bbox 922 1490 1085 1569; x_wconf 91' lang='lat' dir='ltr'><strong>uiderent,</strong></span> <span class='ocrx_word' id='word_1_82' title='bbox 1101 1490 1141 1551; x_wconf 87' lang='lat' dir='ltr'><strong>ito</strong></span> <span class='ocrx_word' id='word_1_83' title='bbox 1151 1504 1188 1548; x_wconf 88' lang='lat' dir='ltr'><strong>nor</strong></span> 
     </span>
    </p>
   </div>
   <div class='ocr_carea' id='block_1_4' title="bbox 134 1653 1189 1862">
    <p class='ocr_par' dir='ltr' id='par_1_4' title="bbox 134 1653 1189 1862">
     <span class='ocr_line' id='line_1_12' title="bbox 187 1653 1189 1715; baseline -0.008 -10"><span class='ocrx_word' id='word_1_84' title='bbox 187 1664 207 1705; x_wconf 75' lang='lat'><strong>³.</strong></span> <span class='ocrx_word' id='word_1_85' title='bbox 224 1659 304 1715; x_wconf 79' lang='lat' dir='ltr'><strong>igitur)</strong></span> <span class='ocrx_word' id='word_1_86' title='bbox 320 1658 397 1703; x_wconf 71' lang='lat' dir='ltr'><strong>onec</strong></span> <span class='ocrx_word' id='word_1_87' title='bbox 427 1656 797 1711; x_wconf 75' lang='lat' dir='ltr'><strong>Pletonireudit.)end.1’1.8</strong></span> <span class='ocrx_word' id='word_1_88' title='bbox 833 1657 924 1710; x_wconf 78' lang='lat' dir='ltr'><strong>eornm)</strong></span> <span class='ocrx_word' id='word_1_89' title='bbox 940 1653 1097 1713; x_wconf 69' lang='lat' dir='ltr'><strong>sperml.</strong></span> <span class='ocrx_word' id='word_1_90' title='bbox 1131 1656 1189 1697; x_wconf 63' lang='lat' dir='ltr'><strong>nit*</strong></span> 
     </span>
     <span class='ocr_line' id='line_1_13' title="bbox 134 1728 1189 1794; baseline -0.008 -15"><span class='ocrx_word' id='word_1_91' title='bbox 134 1738 187 1781; x_wconf 86' lang='lat' dir='ltr'><strong>dum</strong></span> <span class='ocrx_word' id='word_1_92' title='bbox 202 1737 279 1794; x_wconf 86' lang='lat' dir='ltr'><strong>putes)</strong></span> <span class='ocrx_word' id='word_1_93' title='bbox 291 1742 344 1790; x_wconf 82' lang='lat' dir='ltr'><strong>pet.</strong></span> <span class='ocrx_word' id='word_1_94' title='bbox 359 1740 420 1779; x_wconf 85' lang='lat' dir='ltr'><strong>mot.</strong></span> <span class='ocrx_word' id='word_1_95' title='bbox 436 1733 541 1778; x_wconf 75' lang='lat' dir='ltr'><strong>bcltor.</strong></span> <span class='ocrx_word' id='word_1_96' title='bbox 575 1746 590 1777; x_wconf 83' lang='grc' dir='ltr'>ι</span> <span class='ocrx_word' id='word_1_97' title='bbox 603 1734 636 1786; x_wconf 93' lang='lat' dir='ltr'><strong>te)</strong></span> <span class='ocrx_word' id='word_1_98' title='bbox 650 1739 710 1777; x_wconf 84' lang='lat' dir='ltr'><strong>ente</strong></span> <span class='ocrx_word' id='word_1_99' title='bbox 724 1732 806 1778; x_wconf 68' lang='lat' dir='ltr'><strong>13?er</strong></span> <span class='ocrx_word' id='word_1_100' title='bbox 838 1732 955 1777; x_wconf 80' lang='lat' dir='ltr'><strong>onlnem</strong></span> <span class='ocrx_word' id='word_1_101' title='bbox 968 1754 997 1770; x_wconf 92' lang='lat'><em>-</em></span> <span class='ocrx_word' id='word_1_102' title='bbox 1012 1728 1189 1783; x_wconf 70' lang='lat' dir='ltr'><strong>moererentur</strong></span> 
     </span>
     <span class='ocr_line' id='line_1_14' title="bbox 135 1809 730 1862; baseline -0.005 -6"><span class='ocrx_word' id='word_1_103' title='bbox 135 1827 186 1857; x_wconf 85' lang='lat' dir='ltr'><strong>rem</strong></span> <span class='ocrx_word' id='word_1_104' title='bbox 201 1835 227 1845; x_wconf 95' lang='lat'>-</span> <span class='ocrx_word' id='word_1_105' title='bbox 243 1810 398 1855; x_wconf 74' lang='lat' dir='ltr'><strong>rationemlr</strong></span> <span class='ocrx_word' id='word_1_106' title='bbox 453 1811 473 1853; x_wconf 82' lang='lat' dir='ltr'><strong>t.</strong></span> <span class='ocrx_word' id='word_1_107' title='bbox 488 1809 645 1862; x_wconf 81' lang='lat' dir='ltr'><strong>itennr)uor</strong></span> <span class='ocrx_word' id='word_1_108' title='bbox 660 1809 730 1853; x_wconf 75' lang='lat' dir='ltr'><strong>trec</strong></span> 
     </span>
    </p>
   </div>
   <div class='ocr_carea' id='block_1_5' title="bbox 27 1963 1235 4437">
    <p class='ocr_par' dir='ltr' id='par_1_5' title="bbox 134 1963 1220 3140">
     <span class='ocr_line' id='line_1_15' title="bbox 136 1963 1191 2038; baseline -0.004 -17"><span class='ocrx_word' id='word_1_109' title='bbox 136 1970 210 2038; x_wconf 82' lang='lat' dir='ltr'><strong>opud</strong></span> <span class='ocrx_word' id='word_1_110' title='bbox 229 1970 375 2028; x_wconf 82' lang='lat' dir='ltr'><strong>Marsum,</strong></span> <span class='ocrx_word' id='word_1_111' title='bbox 414 1967 513 2031; x_wconf 78' lang='lat' dir='ltr'><strong>Mem,</strong></span> <span class='ocrx_word' id='word_1_112' title='bbox 536 1964 659 2019; x_wconf 86' lang='lat' dir='ltr'><strong>Lbinum</strong></span> <span class='ocrx_word' id='word_1_113' title='bbox 681 1963 830 2019; x_wconf 81' lang='lat' dir='ltr'><strong>excidisset</strong></span> <span class='ocrx_word' id='word_1_114' title='bbox 846 1963 916 2018; x_wconf 79' lang='lat' dir='ltr'><strong>euim</strong></span> <span class='ocrx_word' id='word_1_115' title='bbox 936 1964 1024 2034; x_wconf 83' lang='lat' dir='ltr'><strong>(quod</strong></span> <span class='ocrx_word' id='word_1_116' title='bbox 1041 1966 1159 2019; x_wconf 73' lang='lat' dir='ltr'><strong>Gruterus</strong></span> <span class='ocrx_word' id='word_1_117' title='bbox 1170 1972 1191 2011; x_wconf 67' lang='lat' dir='ltr'>fl</span> 
     </span>
     <span class='ocr_line' id='line_1_16' title="bbox 136 2056 1191 2127; baseline -0.005 -14"><span class='ocrx_word' id='word_1_118' title='bbox 136 2061 266 2113; x_wconf 87' lang='lat' dir='ltr'><strong>omnibus</strong></span> <span class='ocrx_word' id='word_1_119' title='bbox 278 2061 363 2124; x_wconf 79' lang='lat' dir='ltr'><strong>Peru,</strong></span> <span class='ocrx_word' id='word_1_120' title='bbox 383 2058 515 2112; x_wconf 85' lang='lat' dir='ltr'><strong>Deuisior</strong></span> <span class='ocrx_word' id='word_1_121' title='bbox 526 2074 560 2110; x_wconf 84' lang='lat' dir='ltr'><strong>ex</strong></span> <span class='ocrx_word' id='word_1_122' title='bbox 577 2057 634 2112; x_wconf 82' lang='lat' dir='ltr'><strong>ruis</strong></span> <span class='ocrx_word' id='word_1_123' title='bbox 651 2056 823 2121; x_wconf 78' lang='lat' dir='ltr'><strong>reuocauit),</strong></span> <span class='ocrx_word' id='word_1_124' title='bbox 843 2062 1017 2127; x_wconf 82' lang='lat' dir='ltr'><strong>propterque</strong></span> <span class='ocrx_word' id='word_1_125' title='bbox 1030 2066 1191 2111; x_wconf 71' lang='lat' dir='ltr'><strong>eenrrenn!</strong></span> 
     </span>
     <span class='ocr_line' id='line_1_17' title="bbox 135 2146 1191 2225; baseline -0.004 -20"><span class='ocrx_word' id='word_1_126' title='bbox 135 2151 280 2205; x_wconf 76' lang='lat' dir='ltr'><strong>Manutius</strong></span> <span class='ocrx_word' id='word_1_127' title='bbox 295 2168 396 2225; x_wconf 81' lang='lat' dir='ltr'><strong>equom</strong></span> <span class='ocrx_word' id='word_1_128' title='bbox 415 2150 606 2204; x_wconf 77' lang='lat' dir='ltr'><strong>occuratiuom</strong></span> <span class='ocrx_word' id='word_1_129' title='bbox 628 2156 754 2220; x_wconf 86' lang='lat' dir='ltr'><strong>puterret</strong></span> <span class='ocrx_word' id='word_1_130' title='bbox 773 2149 851 2215; x_wconf 84' lang='lat' dir='ltr'><strong>(eret</strong></span> <span class='ocrx_word' id='word_1_131' title='bbox 870 2150 982 2217; x_wconf 78' lang='lat' dir='ltr'><strong>optior,</strong></span> <span class='ocrx_word' id='word_1_132' title='bbox 1015 2166 1113 2219; x_wconf 73' lang='lat' dir='ltr'><strong>oepeeu</strong></span> <span class='ocrx_word' id='word_1_133' title='bbox 1127 2146 1191 2218; x_wconf 68' lang='lat' dir='ltr'><strong>reip!</strong></span> 
     </span>
     <span class='ocr_line' id='line_1_18' title="bbox 136 2240 1220 2311; baseline 0 -17"><span class='ocrx_word' id='word_1_134' title='bbox 136 2244 314 2308; x_wconf 80' lang='lat' dir='ltr'><strong>concedere),</strong></span> <span class='ocrx_word' id='word_1_135' title='bbox 335 2241 407 2295; x_wconf 90' lang='lat' dir='ltr'><strong>mire</strong></span> <span class='ocrx_word' id='word_1_136' title='bbox 426 2245 454 2294; x_wconf 83' lang='lat' dir='ltr'><strong>et</strong></span> <span class='ocrx_word' id='word_1_137' title='bbox 473 2242 496 2294; x_wconf 87' lang='lat' dir='ltr'><strong>ie</strong></span> <span class='ocrx_word' id='word_1_138' title='bbox 515 2248 543 2295; x_wconf 90' lang='lat' dir='ltr'><strong>et</strong></span> <span class='ocrx_word' id='word_1_139' title='bbox 561 2242 611 2294; x_wconf 80' lang='lat' dir='ltr'><strong>elii</strong></span> <span class='ocrx_word' id='word_1_140' title='bbox 629 2242 751 2295; x_wconf 81' lang='lat' dir='ltr'><strong>editores</strong></span> <span class='ocrx_word' id='word_1_141' title='bbox 770 2240 940 2296; x_wconf 85' lang='lat' dir='ltr'><strong>coniecturis</strong></span> <span class='ocrx_word' id='word_1_142' title='bbox 958 2244 1097 2296; x_wconf 76' lang='lat' dir='ltr'><strong>terserunt.</strong></span> <span class='ocrx_word' id='word_1_143' title='bbox 1216 2306 1220 2311; x_wconf 22' lang='grc'>1</span> 
     </span>
     <span class='ocr_line' id='line_1_19' title="bbox 207 2323 1192 2409; baseline -0.006 -22"><span class='ocrx_word' id='word_1_144' title='bbox 207 2334 384 2406; x_wconf 79' lang='lat' dir='ltr'><strong>cup.1r‚o.</strong></span> <span class='ocrx_word' id='word_1_145' title='bbox 421 2352 534 2409; x_wconf 78' lang='lat' dir='ltr'><strong>quorum</strong></span> <span class='ocrx_word' id='word_1_146' title='bbox 548 2336 609 2399; x_wconf 84' lang='lat' dir='ltr'><strong>soit</strong></span> <span class='ocrx_word' id='word_1_147' title='bbox 627 2334 686 2387; x_wconf 72' lang='lat' dir='ltr'><strong>loec</strong></span> <span class='ocrx_word' id='word_1_148' title='bbox 705 2334 856 2402; x_wconf 80' lang='lat' dir='ltr'><strong>institutio)</strong></span> <span class='ocrx_word' id='word_1_149' title='bbox 893 2336 999 2389; x_wconf 79' lang='lat' dir='ltr'><strong>Prutte</strong></span> <span class='ocrx_word' id='word_1_150' title='bbox 1019 2330 1125 2387; x_wconf 79' lang='lat' dir='ltr'><strong>brevior</strong></span> <span class='ocrx_word' id='word_1_151' title='bbox 1139 2323 1192 2381; x_wconf 69' lang='lat' dir='ltr'><strong>iedl-</strong></span> 
     </span>
     <span class='ocr_line' id='line_1_20' title="bbox 137 2417 1192 2499; baseline -0.001 -22"><span class='ocrx_word' id='word_1_152' title='bbox 137 2426 266 2479; x_wconf 85' lang='lat' dir='ltr'><strong>tutionem</strong></span> <span class='ocrx_word' id='word_1_153' title='bbox 283 2426 355 2479; x_wconf 77' lang='lat' dir='ltr'><strong>dixit</strong></span> <span class='ocrx_word' id='word_1_154' title='bbox 375 2426 540 2480; x_wconf 80' lang='lat' dir='ltr'><strong>uniuer&#39;tom</strong></span> <span class='ocrx_word' id='word_1_155' title='bbox 565 2428 689 2480; x_wconf 79' lang='lat' dir='ltr'><strong>formem</strong></span> <span class='ocrx_word' id='word_1_156' title='bbox 713 2425 866 2499; x_wconf 73' lang='lat' dir='ltr'><strong>discipline</strong></span> <span class='ocrx_word' id='word_1_157' title='bbox 891 2434 919 2481; x_wconf 86' lang='lat' dir='ltr'><strong>et</strong></span> <span class='ocrx_word' id='word_1_158' title='bbox 945 2426 1149 2497; x_wconf 72' lang='lat' dir='ltr'><strong>descriptione·</strong></span> <span class='ocrx_word' id='word_1_159' title='bbox 1164 2417 1192 2471; x_wconf 80' lang='grc' dir='ltr'><strong>ἰΙ·</strong></span> 
     </span>
     <span class='ocr_line' id='line_1_21' title="bbox 136 2511 1193 2593; baseline -0.002 -22"><span class='ocrx_word' id='word_1_160' title='bbox 136 2518 280 2583; x_wconf 71' lang='lat' dir='ltr'><strong>stitutum,</strong></span> <span class='ocrx_word' id='word_1_161' title='bbox 301 2524 333 2571; x_wconf 92' lang='lat' dir='ltr'><strong>ut</strong></span> <span class='ocrx_word' id='word_1_162' title='bbox 352 2518 455 2571; x_wconf 87' lang='lat' dir='ltr'><strong>iterum</strong></span> <span class='ocrx_word' id='word_1_163' title='bbox 474 2519 487 2585; x_wconf 70' lang='grc'><strong>5</strong></span> <span class='ocrx_word' id='word_1_164' title='bbox 508 2518 559 2571; x_wconf 76' lang='lat'><strong>192</strong></span> <span class='ocrx_word' id='word_1_165' title='bbox 584 2519 618 2570; x_wconf 75' lang='lat' dir='ltr'><strong>nb</strong></span> <span class='ocrx_word' id='word_1_166' title='bbox 638 2518 691 2571; x_wconf 71' lang='lat' dir='ltr'><strong>loc</strong></span> <span class='ocrx_word' id='word_1_167' title='bbox 710 2519 824 2593; x_wconf 80' lang='lat' dir='ltr'><strong>antiqno</strong></span> <span class='ocrx_word' id='word_1_168' title='bbox 843 2519 1026 2575; x_wconf 77' lang='lat' dir='ltr'><strong>institutione.</strong></span> <span class='ocrx_word' id='word_1_169' title='bbox 1068 2511 1193 2571; x_wconf 54' lang='lat' dir='ltr'><strong>Metu&amp;</strong></span> 
     </span>
     <span class='ocr_line' id='line_1_22' title="bbox 134 2606 1193 2680; baseline -0.001 -19"><span class='ocrx_word' id='word_1_170' title='bbox 134 2618 216 2678; x_wconf 85' lang='lat' dir='ltr'><strong>putes</strong></span> <span class='ocrx_word' id='word_1_171' title='bbox 235 2609 320 2664; x_wconf 82' lang='lat' dir='ltr'><strong>otium</strong></span> <span class='ocrx_word' id='word_1_172' title='bbox 342 2610 432 2680; x_wconf 73' lang='lat' dir='ltr'><strong>Spin,</strong></span> <span class='ocrx_word' id='word_1_173' title='bbox 460 2611 504 2663; x_wconf 89' lang='lat' dir='ltr'><strong>ed.</strong></span> <span class='ocrx_word' id='word_1_174' title='bbox 525 2611 623 2674; x_wconf 75' lang='lat' dir='ltr'><strong>Cret..</strong></span> <span class='ocrx_word' id='word_1_175' title='bbox 645 2610 718 2664; x_wconf 82' lang='lat' dir='ltr'><strong>Uict.</strong></span> <span class='ocrx_word' id='word_1_176' title='bbox 735 2611 841 2664; x_wconf 77' lang='lat' dir='ltr'><strong>Cetere</strong></span> <span class='ocrx_word' id='word_1_177' title='bbox 859 2609 983 2665; x_wconf 82' lang='lat' dir='ltr'><strong>inneree.</strong></span> <span class='ocrx_word' id='word_1_178' title='bbox 1054 2606 1193 2663; x_wconf 67' lang='lat' dir='ltr'><strong>stertere</strong></span> 
     </span>
     <span class='ocr_line' id='line_1_23' title="bbox 137 2692 1194 2773; baseline 0.001 -20"><span class='ocrx_word' id='word_1_179' title='bbox 137 2702 258 2771; x_wconf 82' lang='lat' dir='ltr'><strong>clretypo</strong></span> <span class='ocrx_word' id='word_1_180' title='bbox 278 2699 333 2755; x_wconf 87' lang='lat' dir='ltr'><strong>init</strong></span> <span class='ocrx_word' id='word_1_181' title='bbox 351 2708 415 2754; x_wconf 85' lang='lat' dir='ltr'><strong>onte</strong></span> <span class='ocrx_word' id='word_1_182' title='bbox 433 2701 509 2754; x_wconf 82' lang='lat' dir='ltr'><strong>dicta</strong></span> <span class='ocrx_word' id='word_1_183' title='bbox 527 2705 572 2767; x_wconf 90' lang='lat' dir='ltr'><strong>(ut</strong></span> <span class='ocrx_word' id='word_1_184' title='bbox 592 2702 620 2756; x_wconf 89' lang='lat' dir='ltr'><strong>in</strong></span> <span class='ocrx_word' id='word_1_185' title='bbox 639 2702 711 2769; x_wconf 76' lang='grc' dir='ltr'><strong>ξχψ,</strong></span> <span class='ocrx_word' id='word_1_186' title='bbox 750 2702 803 2757; x_wconf 81' lang='lat' dir='ltr'><strong>Gei</strong></span> <span class='ocrx_word' id='word_1_187' title='bbox 824 2699 988 2773; x_wconf 82' lang='lat' dir='ltr'><strong>omnibue);</strong></span> <span class='ocrx_word' id='word_1_188' title='bbox 1027 2692 1194 2770; x_wconf 66' lang='lat' dir='ltr'><strong>recrepant!</strong></span> 
     </span>
     <span class='ocr_line' id='line_1_24' title="bbox 137 2792 1192 2865; baseline 0.001 -20"><span class='ocrx_word' id='word_1_189' title='bbox 137 2793 273 2864; x_wconf 82' lang='lat' dir='ltr'><strong>scriptum</strong></span> <span class='ocrx_word' id='word_1_190' title='bbox 287 2798 314 2848; x_wconf 87' lang='lat' dir='ltr'><strong>st-</strong></span> <span class='ocrx_word' id='word_1_191' title='bbox 332 2812 349 2847; x_wconf 88' lang='lat' dir='ltr'><strong>o</strong></span> <span class='ocrx_word' id='word_1_192' title='bbox 366 2792 495 2848; x_wconf 84' lang='lat' dir='ltr'><strong>lrlenutio</strong></span> <span class='ocrx_word' id='word_1_193' title='bbox 515 2796 544 2847; x_wconf 85' lang='lat' dir='ltr'><strong>et</strong></span> <span class='ocrx_word' id='word_1_194' title='bbox 562 2794 662 2847; x_wconf 87' lang='lat' dir='ltr'><strong>ceteris</strong></span> <span class='ocrx_word' id='word_1_195' title='bbox 683 2795 822 2849; x_wconf 84' lang='lat' dir='ltr'><strong>omnibus.</strong></span> <span class='ocrx_word' id='word_1_196' title='bbox 861 2794 917 2863; x_wconf 81' lang='lat' dir='ltr'><strong>Qui</strong></span> <span class='ocrx_word' id='word_1_197' title='bbox 936 2794 1030 2859; x_wconf 86' lang='lat' dir='ltr'><strong>enim,</strong></span> <span class='ocrx_word' id='word_1_198' title='bbox 1068 2798 1192 2865; x_wconf 68' lang='lat' dir='ltr'><strong>quent!</strong></span> 
     </span>
     <span class='ocr_line' id='line_1_25' title="bbox 137 2878 1193 2957; baseline 0 -21"><span class='ocrx_word' id='word_1_199' title='bbox 137 2886 172 2938; x_wconf 90' lang='lat' dir='ltr'><strong>de</strong></span> <span class='ocrx_word' id='word_1_200' title='bbox 191 2886 285 2939; x_wconf 84' lang='lat' dir='ltr'><strong>alione</strong></span> <span class='ocrx_word' id='word_1_201' title='bbox 304 2887 433 2941; x_wconf 86' lang='lat' dir='ltr'><strong>emtione</strong></span> <span class='ocrx_word' id='word_1_202' title='bbox 451 2887 510 2939; x_wconf 91' lang='lat' dir='ltr'><strong>iorn</strong></span> <span class='ocrx_word' id='word_1_203' title='bbox 537 2885 660 2956; x_wconf 81' lang='lat' dir='ltr'><strong>disputet</strong></span> <span class='ocrx_word' id='word_1_204' title='bbox 682 2890 711 2939; x_wconf 84' lang='lat' dir='ltr'><strong>et</strong></span> <span class='ocrx_word' id='word_1_205' title='bbox 729 2884 789 2941; x_wconf 82' lang='lat' dir='ltr'><strong>eius</strong></span> <span class='ocrx_word' id='word_1_206' title='bbox 806 2883 896 2956; x_wconf 87' lang='lat' dir='ltr'><strong>pertis</strong></span> <span class='ocrx_word' id='word_1_207' title='bbox 917 2885 1090 2957; x_wconf 73' lang='lat' dir='ltr'><strong>distinguet,</strong></span> <span class='ocrx_word' id='word_1_208' title='bbox 1120 2878 1193 2937; x_wconf 71' lang='lat' dir='ltr'><strong>riek-</strong></span> 
     </span>
     <span class='ocr_line' id='line_1_26' title="bbox 136 2976 1193 3048; baseline -0.002 -20"><span class='ocrx_word' id='word_1_209' title='bbox 136 2976 250 3045; x_wconf 75' lang='lat' dir='ltr'><strong>quiturr</strong></span> <span class='ocrx_word' id='word_1_210' title='bbox 285 2995 345 3045; x_wconf 83' lang='lat' dir='ltr'><strong>quoe</strong></span> <span class='ocrx_word' id='word_1_211' title='bbox 365 2986 430 3031; x_wconf 84' lang='lat' dir='ltr'><strong>ente</strong></span> <span class='ocrx_word' id='word_1_212' title='bbox 451 2980 526 3031; x_wconf 84' lang='lat' dir='ltr'><strong>dicto</strong></span> <span class='ocrx_word' id='word_1_213' title='bbox 545 2985 625 3041; x_wconf 78' lang='lat' dir='ltr'><strong>erret,</strong></span> <span class='ocrx_word' id='word_1_214' title='bbox 647 2979 671 3033; x_wconf 88' lang='lat' dir='ltr'><strong>ie</strong></span> <span class='ocrx_word' id='word_1_215' title='bbox 690 2979 848 3032; x_wconf 74' lang='lat' dir='ltr'><strong>necessario</strong></span> <span class='ocrx_word' id='word_1_216' title='bbox 870 2993 952 3032; x_wconf 82' lang='lat' dir='ltr'><strong>ruem</strong></span> <span class='ocrx_word' id='word_1_217' title='bbox 972 2976 1193 3048; x_wconf 70' lang='lat' dir='ltr'><strong>superiorem</strong></span> 
     </span>
     <span class='ocr_line' id='line_1_27' title="bbox 136 3068 1096 3140; baseline 0.003 -18"><span class='ocrx_word' id='word_1_218' title='bbox 136 3068 243 3123; x_wconf 91' lang='lat' dir='ltr'><strong>tionem</strong></span> <span class='ocrx_word' id='word_1_219' title='bbox 263 3070 456 3139; x_wconf 57' lang='lat' dir='ltr'><strong>demonstrem</strong></span> <span class='ocrx_word' id='word_1_220' title='bbox 474 3071 527 3126; x_wconf 86' lang='lat' dir='ltr'><strong>cir.</strong></span> <span class='ocrx_word' id='word_1_221' title='bbox 545 3071 580 3124; x_wconf 85' lang='lat' dir='ltr'><strong>od</strong></span> <span class='ocrx_word' id='word_1_222' title='bbox 604 3072 617 3140; x_wconf 67' lang='lat' dir='ltr'><strong>p</strong></span> <span class='ocrx_word' id='word_1_223' title='bbox 635 3070 686 3137; x_wconf 82' lang='lat' dir='ltr'><strong>2t;</strong></span> <span class='ocrx_word' id='word_1_224' title='bbox 704 3072 717 3140; x_wconf 67' lang='lat' dir='ltr'><strong>p</strong></span> <span class='ocrx_word' id='word_1_225' title='bbox 734 3071 771 3125; x_wconf 75' lang='grc'><strong>78</strong></span> <span class='ocrx_word' id='word_1_226' title='bbox 787 3072 952 3125; x_wconf 75' lang='lat' dir='ltr'><strong>oberratum</strong></span> <span class='ocrx_word' id='word_1_227' title='bbox 969 3088 1025 3125; x_wconf 90' lang='lat' dir='ltr'><strong>non</strong></span> <span class='ocrx_word' id='word_1_228' title='bbox 1045 3076 1096 3125; x_wconf 77' lang='lat' dir='ltr'><strong>ert.</strong></span> 
     </span>
    </p>

    <p class='ocr_par' dir='ltr' id='par_1_6' title="bbox 135 3148 1235 4157">
     <span class='ocr_line' id='line_1_28' title="bbox 206 3148 1194 3237; baseline -0.003 -23"><span class='ocrx_word' id='word_1_229' title='bbox 206 3164 231 3216; x_wconf 77' lang='grc'><strong>4.</strong></span> <span class='ocrx_word' id='word_1_230' title='bbox 272 3162 326 3227; x_wconf 78' lang='lat' dir='ltr'><strong>Qui</strong></span> <span class='ocrx_word' id='word_1_231' title='bbox 343 3180 423 3237; x_wconf 83' lang='lat' dir='ltr'><strong>quoru</strong></span> <span class='ocrx_word' id='word_1_232' title='bbox 440 3163 566 3215; x_wconf 84' lang='lat' dir='ltr'><strong>uiderent</strong></span> <span class='ocrx_word' id='word_1_233' title='bbox 585 3161 655 3231; x_wconf 75' lang='lat' dir='ltr'><strong>dre.)</strong></span> <span class='ocrx_word' id='word_1_234' title='bbox 682 3164 726 3217; x_wconf 86' lang='lat' dir='ltr'><strong>ltu</strong></span> <span class='ocrx_word' id='word_1_235' title='bbox 744 3162 819 3217; x_wconf 85' lang='lat' dir='ltr'><strong>hooc</strong></span> <span class='ocrx_word' id='word_1_236' title='bbox 837 3159 1039 3233; x_wconf 80' lang='lat' dir='ltr'><strong>expositionem</strong></span> <span class='ocrx_word' id='word_1_237' title='bbox 1062 3148 1194 3232; x_wconf 71' lang='lat' dir='ltr'><strong>pre-terri</strong></span> 
     </span>
     <span class='ocr_line' id='line_1_29' title="bbox 136 3251 1194 3329; baseline -0.001 -25"><span class='ocrx_word' id='word_1_238' title='bbox 136 3252 194 3307; x_wconf 86' lang='lat' dir='ltr'><strong>illie</strong></span> <span class='ocrx_word' id='word_1_239' title='bbox 213 3255 326 3307; x_wconf 83' lang='lat' dir='ltr'><strong>uerbis:</strong></span> <span class='ocrx_word' id='word_1_240' title='bbox 364 3273 478 3329; x_wconf 73' lang='lat' dir='ltr'><strong>pirorum</strong></span> <span class='ocrx_word' id='word_1_241' title='bbox 491 3256 552 3320; x_wconf 82' lang='lat' dir='ltr'><strong>suit</strong></span> <span class='ocrx_word' id='word_1_242' title='bbox 569 3254 629 3307; x_wconf 75' lang='lat' dir='ltr'><strong>dore</strong></span> <span class='ocrx_word' id='word_1_243' title='bbox 648 3254 801 3321; x_wconf 83' lang='lat' dir='ltr'><strong>institutio,</strong></span> <span class='ocrx_word' id='word_1_244' title='bbox 840 3261 871 3310; x_wconf 86' lang='lat' dir='ltr'><strong>ut</strong></span> <span class='ocrx_word' id='word_1_245' title='bbox 892 3262 1089 3326; x_wconf 70' lang='lat' dir='ltr'><strong>expectaretur</strong></span> <span class='ocrx_word' id='word_1_246' title='bbox 1106 3251 1194 3307; x_wconf 67' lang='lat' dir='ltr'><strong>lium</strong></span> 
     </span>
     <span class='ocr_line' id='line_1_30' title="bbox 137 3335 1195 3417; baseline 0.006 -21"><span class='ocrx_word' id='word_1_247' title='bbox 137 3344 274 3398; x_wconf 79' lang='lat' dir='ltr'><strong>orationis</strong></span> <span class='ocrx_word' id='word_1_248' title='bbox 292 3344 404 3401; x_wconf 88' lang='lat' dir='ltr'><strong>initium</strong></span> <span class='ocrx_word' id='word_1_249' title='bbox 424 3348 523 3413; x_wconf 79' lang='lat' dir='ltr'><strong>(Quom</strong></span> <span class='ocrx_word' id='word_1_250' title='bbox 541 3349 668 3401; x_wconf 84' lang='lat' dir='ltr'><strong>uiderent</strong></span> <span class='ocrx_word' id='word_1_251' title='bbox 688 3346 775 3414; x_wconf 77' lang='lat' dir='ltr'><strong>drc.);</strong></span> <span class='ocrx_word' id='word_1_252' title='bbox 800 3347 849 3401; x_wconf 86' lang='lat' dir='ltr'><strong>red</strong></span> <span class='ocrx_word' id='word_1_253' title='bbox 869 3364 954 3417; x_wconf 82' lang='lat' dir='ltr'><strong>quom</strong></span> <span class='ocrx_word' id='word_1_254' title='bbox 972 3345 1117 3401; x_wconf 78' lang='lat' dir='ltr'><strong>interiecit</strong></span> <span class='ocrx_word' id='word_1_255' title='bbox 1131 3335 1195 3395; x_wconf 56' lang='grc' dir='ltr'><strong><em>Μ</em></strong></span> 
     </span>
     <span class='ocr_line' id='line_1_31' title="bbox 136 3421 1194 3510; baseline 0.001 -24"><span class='ocrx_word' id='word_1_256' title='bbox 136 3434 205 3488; x_wconf 78' lang='lat' dir='ltr'><strong>illu:</strong></span> <span class='ocrx_word' id='word_1_257' title='bbox 246 3439 274 3487; x_wconf 83' lang='lat' dir='ltr'><strong>iu</strong></span> <span class='ocrx_word' id='word_1_258' title='bbox 293 3456 347 3510; x_wconf 81' lang='lat' dir='ltr'><strong>qne</strong></span> <span class='ocrx_word' id='word_1_259' title='bbox 365 3440 572 3493; x_wconf 81' lang='lat' dir='ltr'><strong>orrimedocrtes</strong></span> <span class='ocrx_word' id='word_1_260' title='bbox 590 3439 644 3493; x_wconf 72' lang='lat' dir='ltr'><strong>dec.</strong></span> <span class='ocrx_word' id='word_1_261' title='bbox 664 3439 843 3509; x_wconf 84' lang='lat' dir='ltr'><strong>positumque</strong></span> <span class='ocrx_word' id='word_1_262' title='bbox 863 3439 1017 3493; x_wconf 79' lang='lat' dir='ltr'><strong>illorum</strong></span> <span class='ocrx_word' id='word_1_263' title='bbox 1035 3439 1147 3498; x_wconf 79' lang='lat' dir='ltr'><strong>retiner,</strong></span> <span class='ocrx_word' id='word_1_264' title='bbox 1163 3421 1194 3479; x_wconf 68' lang='lat' dir='ltr'><strong>f!</strong></span> 
     </span>
     <span class='ocr_line' id='line_1_32' title="bbox 138 3516 1194 3602; baseline 0.001 -25"><span class='ocrx_word' id='word_1_265' title='bbox 138 3525 236 3580; x_wconf 84' lang='lat' dir='ltr'><strong>Cicero</strong></span> <span class='ocrx_word' id='word_1_266' title='bbox 255 3527 343 3597; x_wconf 84' lang='lat' dir='ltr'><strong>ipsius</strong></span> <span class='ocrx_word' id='word_1_267' title='bbox 370 3530 553 3599; x_wconf 80' lang='lat' dir='ltr'><strong>expositionis</strong></span> <span class='ocrx_word' id='word_1_268' title='bbox 581 3531 726 3585; x_wconf 86' lang='lat' dir='ltr'><strong>exordium</strong></span> <span class='ocrx_word' id='word_1_269' title='bbox 753 3531 875 3585; x_wconf 80' lang='lat' dir='ltr'><strong>reletiuo</strong></span> <span class='ocrx_word' id='word_1_270' title='bbox 901 3533 1071 3602; x_wconf 88' lang='lat' dir='ltr'><strong>pronomine</strong></span> <span class='ocrx_word' id='word_1_271' title='bbox 1094 3516 1194 3583; x_wconf 74' lang='lat' dir='ltr'><strong>stianit</strong></span> 
     </span>
     <span class='ocr_line' id='line_1_33' title="bbox 136 3614 1192 3695; baseline 0.006 -24"><span class='ocrx_word' id='word_1_272' title='bbox 136 3619 186 3672; x_wconf 81' lang='lat' dir='ltr'><strong>Bet</strong></span> <span class='ocrx_word' id='word_1_273' title='bbox 200 3618 260 3671; x_wconf 83' lang='lat' dir='ltr'><strong>lure</strong></span> <span class='ocrx_word' id='word_1_274' title='bbox 279 3618 355 3672; x_wconf 92' lang='lat' dir='ltr'><strong>illiue</strong></span> <span class='ocrx_word' id='word_1_275' title='bbox 373 3622 503 3690; x_wconf 75' lang='lat' dir='ltr'><strong>generis,</strong></span> <span class='ocrx_word' id='word_1_276' title='bbox 530 3623 559 3676; x_wconf 89' lang='lat' dir='ltr'><strong>in</strong></span> <span class='ocrx_word' id='word_1_277' title='bbox 578 3625 652 3692; x_wconf 88' lang='lat' dir='ltr'><strong>quod</strong></span> <span class='ocrx_word' id='word_1_278' title='bbox 672 3625 837 3695; x_wconf 77' lang='lat' dir='ltr'><strong>frequenter</strong></span> <span class='ocrx_word' id='word_1_279' title='bbox 856 3622 971 3689; x_wconf 81' lang='lat' dir='ltr'><strong>incidit,</strong></span> <span class='ocrx_word' id='word_1_280' title='bbox 991 3632 1041 3687; x_wconf 85' lang='lat' dir='ltr'><strong>ut,</strong></span> <span class='ocrx_word' id='word_1_281' title='bbox 1079 3614 1192 3691; x_wconf 56' lang='lat' dir='ltr'><strong>superbi·</strong></span> 
     </span>
     <span class='ocr_line' id='line_1_34' title="bbox 137 3699 1196 3788; baseline 0.004 -26"><span class='ocrx_word' id='word_1_282' title='bbox 137 3715 165 3763; x_wconf 94' lang='lat' dir='ltr'><strong>ot</strong></span> <span class='ocrx_word' id='word_1_283' title='bbox 184 3709 321 3779; x_wconf 81' lang='lat' dir='ltr'><strong>primorie</strong></span> <span class='ocrx_word' id='word_1_284' title='bbox 339 3713 475 3768; x_wconf 82' lang='lat' dir='ltr'><strong>cretionis</strong></span> <span class='ocrx_word' id='word_1_285' title='bbox 494 3716 587 3770; x_wconf 82' lang='lat' dir='ltr'><strong>terme</strong></span> <span class='ocrx_word' id='word_1_286' title='bbox 606 3718 755 3788; x_wconf 83' lang='lat' dir='ltr'><strong>neglecte,</strong></span> <span class='ocrx_word' id='word_1_287' title='bbox 774 3717 810 3771; x_wconf 80' lang='lat' dir='ltr'><strong>ed</strong></span> <span class='ocrx_word' id='word_1_288' title='bbox 830 3730 874 3779; x_wconf 78' lang='lat' dir='ltr'><strong>ee,</strong></span> <span class='ocrx_word' id='word_1_289' title='bbox 893 3734 955 3788; x_wconf 82' lang='lat' dir='ltr'><strong>qne</strong></span> <span class='ocrx_word' id='word_1_290' title='bbox 972 3713 1132 3787; x_wconf 81' lang='lat' dir='ltr'><strong>interposite</strong></span> <span class='ocrx_word' id='word_1_291' title='bbox 1145 3699 1196 3761; x_wconf 73' lang='lat'><strong>¹¹¹¹·</strong></span> 
     </span>
     <span class='ocr_line' id='line_1_35' title="bbox 136 3792 1196 3880; baseline 0.008 -27"><span class='ocrx_word' id='word_1_292' title='bbox 136 3802 246 3858; x_wconf 80' lang='lat' dir='ltr'><strong>relicuo</strong></span> <span class='ocrx_word' id='word_1_293' title='bbox 266 3803 472 3870; x_wconf 78' lang='lat' dir='ltr'><strong>adcommodet,</strong></span> <span class='ocrx_word' id='word_1_294' title='bbox 490 3807 598 3877; x_wconf 81' lang='lat' dir='ltr'><strong>species</strong></span> <span class='ocrx_word' id='word_1_295' title='bbox 614 3824 672 3862; x_wconf 87' lang='lat' dir='ltr'><strong>noe</strong></span> <span class='ocrx_word' id='word_1_296' title='bbox 692 3808 826 3864; x_wconf 87' lang='lat' dir='ltr'><strong>emultir.</strong></span> <span class='ocrx_word' id='word_1_297' title='bbox 861 3808 971 3862; x_wconf 80' lang='lat' dir='ltr'><strong>Deinde</strong></span> <span class='ocrx_word' id='word_1_298' title='bbox 987 3806 1122 3880; x_wconf 79' lang='lat' dir='ltr'><strong>quomodo</strong></span> <span class='ocrx_word' id='word_1_299' title='bbox 1137 3792 1196 3855; x_wconf 63' lang='lat' dir='ltr'><strong>itii*</strong></span> 
     </span>
     <span class='ocr_line' id='line_1_36' title="bbox 136 3884 1235 3977; baseline 0.003 -30"><span class='ocrx_word' id='word_1_300' title='bbox 136 3892 213 3959; x_wconf 84' lang='lat' dir='ltr'><strong>cius,</strong></span> <span class='ocrx_word' id='word_1_301' title='bbox 233 3914 293 3964; x_wconf 77' lang='lat' dir='ltr'><strong>quer</strong></span> <span class='ocrx_word' id='word_1_302' title='bbox 313 3897 459 3967; x_wconf 85' lang='lat' dir='ltr'><strong>requitur,</strong></span> <span class='ocrx_word' id='word_1_303' title='bbox 498 3900 607 3970; x_wconf 87' lang='lat' dir='ltr'><strong>periodi</strong></span> <span class='ocrx_word' id='word_1_304' title='bbox 625 3902 749 3955; x_wconf 78' lang='lat' dir='ltr'><strong>formem</strong></span> <span class='ocrx_word' id='word_1_305' title='bbox 769 3904 842 3973; x_wconf 82' lang='lat' dir='ltr'><strong>(quer</strong></span> <span class='ocrx_word' id='word_1_306' title='bbox 861 3901 903 3955; x_wconf 87' lang='lat' dir='ltr'><strong>sie</strong></span> <span class='ocrx_word' id='word_1_307' title='bbox 919 3903 1075 3973; x_wconf 79' lang='lat' dir='ltr'><strong>procedere</strong></span> <span class='ocrx_word' id='word_1_308' title='bbox 1091 3884 1196 3953; x_wconf 57' lang='lat' dir='ltr'><strong>rennuit</strong></span> <span class='ocrx_word' id='word_1_309' title='bbox 1233 3970 1235 3977; x_wconf 33' lang='grc' dir='ltr'>Ι</span> 
     </span>
     <span class='ocr_line' id='line_1_37' title="bbox 135 3980 1235 4063; baseline 0.013 -28"><span class='ocrx_word' id='word_1_310' title='bbox 135 4002 214 4057; x_wconf 81' lang='lat' dir='ltr'><strong>poem</strong></span> <span class='ocrx_word' id='word_1_311' title='bbox 234 3989 360 4043; x_wconf 83' lang='lat' dir='ltr'><strong>uiderent</strong></span> <span class='ocrx_word' id='word_1_312' title='bbox 379 3991 419 4043; x_wconf 85' lang='lat' dir='ltr'><strong>ita</strong></span> <span class='ocrx_word' id='word_1_313' title='bbox 437 4008 486 4043; x_wconf 87' lang='lat' dir='ltr'><strong>nor</strong></span> <span class='ocrx_word' id='word_1_314' title='bbox 505 4009 565 4047; x_wconf 86' lang='lat' dir='ltr'><strong>erre</strong></span> <span class='ocrx_word' id='word_1_315' title='bbox 582 3999 673 4059; x_wconf 82' lang='lat' dir='ltr'><strong>noter,</strong></span> <span class='ocrx_word' id='word_1_316' title='bbox 693 4001 724 4047; x_wconf 87' lang='lat' dir='ltr'><strong>ut</strong></span> <span class='ocrx_word' id='word_1_317' title='bbox 742 4001 768 4049; x_wconf 86' lang='lat' dir='ltr'><strong>et</strong></span> <span class='ocrx_word' id='word_1_318' title='bbox 786 4022 820 4035; x_wconf 90' lang='lat'><em>-</em></span> <span class='ocrx_word' id='word_1_319' title='bbox 839 3995 902 4063; x_wconf 82' lang='lat' dir='ltr'><strong>epti</strong></span> <span class='ocrx_word' id='word_1_320' title='bbox 918 4012 1058 4056; x_wconf 74' lang='lat' dir='ltr'><strong>ceremur,</strong></span> <span class='ocrx_word' id='word_1_321' title='bbox 1076 4020 1109 4032; x_wconf 97' lang='lat'>-</span> <span class='ocrx_word' id='word_1_322' title='bbox 1123 3986 1196 4049; x_wconf 57' lang='grc' dir='ltr'><strong>ΝΡ*</strong></span> <span class='ocrx_word' id='word_1_323' title='bbox 1230 3980 1235 3999; x_wconf 62' lang='grc'><strong>”</strong></span> 
     </span>
     <span class='ocr_line' id='line_1_38' title="bbox 135 4076 1197 4157; baseline 0.01 -30"><span class='ocrx_word' id='word_1_324' title='bbox 135 4076 212 4144; x_wconf 84' lang='lat' dir='ltr'><strong>ipsos</strong></span> <span class='ocrx_word' id='word_1_325' title='bbox 229 4106 264 4118; x_wconf 78' lang='lat'><em>—</em></span> <span class='ocrx_word' id='word_1_326' title='bbox 281 4082 491 4149; x_wconf 82' lang='lat' dir='ltr'><strong>adpeteremrrs,</strong></span> <span class='ocrx_word' id='word_1_327' title='bbox 508 4084 672 4139; x_wconf 73' lang='lat' dir='ltr'><strong>tereremus</strong></span> <span class='ocrx_word' id='word_1_328' title='bbox 689 4088 772 4140; x_wconf 79' lang='lat' dir='ltr'><strong>etiarn</strong></span> <span class='ocrx_word' id='word_1_329' title='bbox 788 4116 843 4150; x_wconf 89' lang='lat'><strong>-·,</strong></span> <span class='ocrx_word' id='word_1_330' title='bbox 862 4093 950 4139; x_wconf 77' lang='lat' dir='ltr'><strong>tetam</strong></span> <span class='ocrx_word' id='word_1_331' title='bbox 967 4086 1038 4157; x_wconf 72' lang='lat' dir='ltr'><strong>dxc.)</strong></span> <span class='ocrx_word' id='word_1_332' title='bbox 1056 4080 1197 4141; x_wconf 67' lang='lat' dir='ltr'><strong>ciceron*</strong></span> 
     </span>
    </p>

    <p class='ocr_par' dir='ltr' id='par_1_7' title="bbox 27 4162 1199 4437">
     <span class='ocr_line' id='line_1_39' title="bbox 27 4162 1198 4245; baseline 0.01 -25"><span class='ocrx_word' id='word_1_333' title='bbox 27 4178 32 4185; x_wconf 86' lang='lat'>&#39;</span> <span class='ocrx_word' id='word_1_334' title='bbox 133 4171 241 4225; x_wconf 83' lang='lat' dir='ltr'><strong>tenerit</strong></span> <span class='ocrx_word' id='word_1_335' title='bbox 258 4172 395 4226; x_wconf 83' lang='lat' dir='ltr'><strong>dissoluto</strong></span> <span class='ocrx_word' id='word_1_336' title='bbox 414 4175 584 4244; x_wconf 77' lang='lat' dir='ltr'><strong>partitione,</strong></span> <span class='ocrx_word' id='word_1_337' title='bbox 621 4178 728 4234; x_wconf 86' lang='lat' dir='ltr'><strong>dictum</strong></span> <span class='ocrx_word' id='word_1_338' title='bbox 748 4186 774 4234; x_wconf 84' lang='lat' dir='ltr'><strong>rt</strong></span> <span class='ocrx_word' id='word_1_339' title='bbox 792 4178 820 4234; x_wconf 87' lang='lat' dir='ltr'><strong>in</strong></span> <span class='ocrx_word' id='word_1_340' title='bbox 840 4198 959 4235; x_wconf 80' lang='lat' dir='ltr'><strong>exc-uren</strong></span> <span class='ocrx_word' id='word_1_341' title='bbox 978 4182 1014 4235; x_wconf 80' lang='lat' dir='ltr'><strong>ed</strong></span> <span class='ocrx_word' id='word_1_342' title='bbox 1033 4186 1063 4245; x_wconf 84' lang='lat'><strong>1,</strong></span> <span class='ocrx_word' id='word_1_343' title='bbox 1081 4174 1121 4231; x_wconf 67' lang='lat' dir='ltr'>a</span> <span class='ocrx_word' id='word_1_344' title='bbox 1159 4162 1198 4217; x_wconf 57' lang='grc' dir='ltr'><strong>θ’·</strong></span> 
     </span>
     <span class='ocr_line' id='line_1_40' title="bbox 124 4230 1199 4349; baseline 0.011 -35"><span class='ocrx_word' id='word_1_345' title='bbox 124 4230 217 4316; x_wconf 76' lang='lat' dir='ltr'><strong>lentur</strong></span> <span class='ocrx_word' id='word_1_346' title='bbox 236 4264 336 4319; x_wconf 84' lang='lat' dir='ltr'><strong>cicero</strong></span> <span class='ocrx_word' id='word_1_347' title='bbox 357 4266 520 4332; x_wconf 83' lang='lat' dir='ltr'><strong>ostendere,</strong></span> <span class='ocrx_word' id='word_1_348' title='bbox 539 4268 713 4340; x_wconf 77' lang='lat' dir='ltr'><strong>tripertitam</strong></span> <span class='ocrx_word' id='word_1_349' title='bbox 731 4271 921 4344; x_wconf 73' lang='lat' dir='ltr'><strong>philosophie</strong></span> <span class='ocrx_word' id='word_1_350' title='bbox 942 4272 1121 4335; x_wconf 73' lang='lat' dir='ltr'><strong>diuisionem,</strong></span> <span class='ocrx_word' id='word_1_351' title='bbox 1135 4262 1199 4349; x_wconf 37' lang='lat'><strong>⁴1¹¹,⁸</strong></span> 
     </span>
     <span class='ocr_line' id='line_1_41' title="bbox 133 4347 1197 4437; baseline 0.013 -31"><span class='ocrx_word' id='word_1_352' title='bbox 133 4352 234 4411; x_wconf 81' lang='lat' dir='ltr'><strong>Sextus</strong></span> <span class='ocrx_word' id='word_1_353' title='bbox 251 4360 331 4430; x_wconf 79' lang='lat' dir='ltr'><strong>Emp.</strong></span> <span class='ocrx_word' id='word_1_354' title='bbox 352 4360 401 4411; x_wconf 84' lang='lat' dir='ltr'><strong>t&#39;u</strong></span> <span class='ocrx_word' id='word_1_355' title='bbox 421 4360 485 4413; x_wconf 86' lang='lat' dir='ltr'><strong>odo.</strong></span> <span class='ocrx_word' id='word_1_356' title='bbox 503 4362 593 4416; x_wconf 78' lang='lat' dir='ltr'><strong>uteru.</strong></span> <span class='ocrx_word' id='word_1_357' title='bbox 615 4364 650 4417; x_wconf 86' lang='lat' dir='ltr'><strong>ro</strong></span> <span class='ocrx_word' id='word_1_358' title='bbox 669 4362 827 4420; x_wconf 74' lang='lat' dir='ltr'><strong>Xenocrati</strong></span> <span class='ocrx_word' id='word_1_359' title='bbox 852 4367 880 4418; x_wconf 84' lang='lat' dir='ltr'><strong>et</strong></span> <span class='ocrx_word' id='word_1_360' title='bbox 906 4362 1102 4437; x_wconf 84' lang='lat' dir='ltr'><strong>Peripoteticir</strong></span> <span class='ocrx_word' id='word_1_361' title='bbox 1122 4347 1197 4413; x_wconf 74' lang='lat' dir='ltr'><strong>rril⁸¹¹</strong></span> 
     </span>
    </p>
   </div>
   <div class='ocr_carea' id='block_1_6' title="bbox 0 0 1366 5018">
    <p class='ocr_par' dir='ltr' id='par_1_8' title="bbox 0 0 1366 5018">
     <span class='ocr_line' id='line_1_42' title="bbox 0 0 1366 5018; baseline 0 0"><span class='ocrx_word' id='word_1_362' title='bbox 0 0 1366 5018; x_wconf 95' lang='lat' dir='ltr'><strong> </strong></span> 
     </span>
    </p>
   </div>
  </div>
 </body>
</html>
