2706 5018
219 387 289 452 XX
642 378 897 448 PRAEFA'ttO.

218 594 339 656 tantur,
366 581 527 643 rationem
552 576 674 642 habent
699 577 790 663 dupli
816 589 849 640 et
871 578 970 639 semis
993 576 1048 638 uel
1074 576 1186 661 paullo
1213 579 1310 640 ctiam

217 690 387 751 maiorem.
459 684 575 770 Itaque
607 681 746 748 infinitis
778 684 860 748 locis
885 681 1035 768 ponenda
1057 696 1128 746 erat
1150 685 1309 768 scriptura

216 793 421 857 Ascensiana
443 813 516 855 cum
539 790 600 855 hac
621 793 792 869 cautione,
838 791 978 867 nesciri,
1019 787 1311 853 confirmaretnrne

216 922 235 962 a
258 898 380 961 codice.
452 895 583 960 Deinde
613 911 684 960 erat
708 897 855 982 quadarn
880 898 913 958 in
937 893 1062 959 Uictori
1087 898 1174 957 notis
1197 894 1311 958 obscu-

217 1009 310 1082 ritas,
338 1003 423 1088 quod
447 1014 480 1065 et
502 1004 698 1068 coniecturae
717 1005 920 1089 interpositus
947 1012 1056 1079 erant,
1079 999 1190 1064 littera
1215 1023 1233 1064 c
1257 1013 1310 1065 aut

217 1116 249 1194 ej
270 1113 478 1196 praescripta,
522 1123 555 1172 et
577 1131 821 1196 nonnumquam
843 1111 1012 1194 scripturae
1034 1121 1176 1172 enotntae
1199 1130 1309 1193 soper-

215 1219 372 1301 scriptum
395 1236 440 1298 g,
475 1217 560 1300 quod
586 1216 747 1301 probandi
772 1212 1047 1301 significationem
1073 1212 1196 1278 habere
1222 1215 1309 1277 oide-

214 1338 277 1401 tnr,
300 1319 510 1406 paucis-locis
533 1322 679 1387 additum
692 1322 772 1385 ΑΜ.
789 1320 934 1403 (Aldus).
967 1319 1042 1386 Uno
1063 1333 1096 1383 et
1117 1318 1224 1384 altero
1238 1320 1308 1384 ioco

214 1430 428 1513 superpositae
439 1428 471 1489 in
484 1441 641 1492 contextu
658 1427 770 1492 uerbis
782 1427 900 1492 litteras
912 1444 1017 1505 crant,
1028 1448 1099 1513 quoe
1121 1429 1307 1490 coniectura

214 1549 307 1599 natas
331 1537 549 1599 correctiones
574 1539 742 1600 continere
767 1533 981 1612 uidebantur,
1007 1547 1042 1597 ut
1066 1533 1101 1612 Ι,
1135 1535 1178 1596 55
1198 1531 1307 1596 uerbis

214 1642 330 1704 cedere
352 1659 476 1704 cortem
500 1640 816 1728 superscribiturbis
842 1663 863 1703 a
886 1639 1020 1723 (cudere
1043 1659 1171 1715 causta,
1196 1661 1308 1725 qnem-

207 1747 387 1839 'admodum
410 1745 577 1811 Uictorias
609 1749 749 1826 edidit),
791 1746 884 1825 etl,
913 1748 973 1825 18,
1018 1767 1113 1832 quom
1138 1747 1172 1807 in
1198 1746 1309 1808 codice

148 1852 155 1868 ’
215 1856 380 1921 Uictorias
404 1856 603 1939 repperisset
626 1856 713 1920 illud
738 1852 891 1939 Epicuri,
907 1851 1019 1917 uerbis
1040 1857 1185 1936 propria
1203 1857 1309 1915 rur'nae

211 1963 442 2046 superscripsit
460 1966 641 2043 preprium.
654 1964 684 2046 ¹)
731 1962 846 2047 ltaque
869 1983 915 2024 ex
948 1959 1011 2024 hoc
1041 1959 1154 2022 codice
1176 1979 1216 2020 ea
1239 1970 1310 2022 tan-

211 2083 280 2130 tum
312 2068 575 2144 conmemoraui‚
616 2089 687 2152 quse
718 2080 774 2131 aut
811 2067 852 2130 ad
892 2063 1150 2129 confirmandum
1185 2065 1308 2128 codicis

211 2172 427 2256 Erlungensis
452 2169 636 2236 aliorumue
653 2171 814 2238 bonorum
837 2174 1060 2236 testimonium
1086 2170 1309 2255 pertinebant,

210 2293 265 2341 aut
289 2278 357 2342 alio
380 2277 476 2341 modo
501 2280 585 2341 scitu
614 2280 715 2365 digna
745 2277 960 2354 uidebantur,
1006 2299 1103 2362 quom
1125 2280 1307 2358 proesertint

210 2389 238 2447 is
261 2398 370 2462 esset,
417 2397 453 2446 ut
492 2397 609 2469 postea
646 2407 834 2471 exponam,
876 2383 933 2469 qui
962 2380 1054 2444 solus
1086 2385 1306 2469 perexiguum

211 2503 413 2553 momentum
437 2491 570 2553 faceret.

299 2598 368 2674 §3-
415 2593 554 2658 Codices
576 2593 733 2659 librorum
761 2594 930 2660 Ciceronis
961 2594 1002 2657 de
1026 2593 1165 2671 sinibus,
1212 2609 1307 2681 qnot-

209 2717 287 2786 quot
311 2703 381 2766 noti
403 2715 499 2780 sunt,
531 2723 594 2764 non
622 2724 682 2787 per
704 2703 853 2765 diuersas
878 2704 998 2786 stirpes
1020 2701 1061 2764 ab
1083 2704 1188 2786 ipsios
1212 2701 1306 2766 Cice·

207 2811 298 2872 renis
341 2822 397 2873 aut
438 2829 610 2895 proxumae
647 2811 678 2872 ei
716 2811 823 2873 oetatis
858 2805 1108 2891 exemplaribus
1145 2822 1304 2893 perpetua

207 2915 346 2999 quedam
369 2919 578 2980 successione
600 2917 792 3002 propagati,
838 2913 896 2978 sed
921 2936 1034 2978 omnes
1055 2913 1096 2977 ab
1115 2936 1180 2977 ono
1202 2915 1303 3001 longe

205 3019 373 3082 inferioris
398 3023 504 3083 aetatis
526 3020 633 3099 libro,
677 3024 710 3085 in
745 3024 898 3108 quoiam
922 3023 1043 3084 iniuria
1067 3023 1222 3102 temporis
1248 3023 1302 3085 ad-

206 3124 327 3185 fectum
354 3123 524 3187 Ciceronis
549 3148 633 3210 opus
656 3140 746 3204 erat,
792 3130 855 3192 orti
879 3140 966 3190 sunt.
1037 3124 1216 3191 Deciurant
1242 3128 1302 3192 hoc

203 3230 343 3313 primum
370 3232 587 3312 apertissume
610 3243 643 3293 et
667 3252 795 3295 omnem
827 3232 969 3316 negandi
1005 3231 1219 3296 dubitandiue
1250 3256 1303 3297 co·

203 3336 291 3418 piam
324 3332 508 3398 excludunt
540 3357 729 3400 communes
759 3340 905 3402 omnium
936 3339 1083 3402 codicum
1113 3338 1239 3402 lacuna
1271 3355 1303 3403 et

206 3438 381 3504 uerborum
403 3443 619 3523 omissiones,
667 3466 826 3510 nraxumo
850 3448 884 3508 in
907 3443 992 3509 libro
1013 3445 1046 3524 1,
1070 3448 1132 3523 22,
1155 3446 1213 3509 sed
1237 3468 1300 3511 non

201 3636 433 3651 -——

224 3766 252 3834 ¹)
271 3765 322 3819 Bis
340 3782 385 3820 rnc
402 3765 465 3819 hee
485 3783 531 3820 res
550 3767 673 3841 decepit.
709 3769 780 3823 Nam
798 3769 830 3834 t,
857 3774 889 3823 11
915 3788 974 3825 non
994 3787 1009 3822 c
1031 3768 1130 3824 codice
1149 3770 1299 3825 Uictorias

270 3858 394 3929 sumpsit
419 3861 490 3932 quid
507 3890 541 3901 -
564 3869 681 3931 putem?
716 3863 785 3928 sed,
822 3880 908 3935 qrtom
934 3863 965 3916 in
995 3862 1095 3916 codice
1123 3870 1200 3917 esset
1218 3865 1299 3935 quid,

269 3949 359 4003 uerbo
377 3961 460 4021 putet
478 3955 683 4026 superscripsit
701 3976 745 4018 or,
763 3961 796 4009 ut
814 3962 914 4026 postes
933 3954 1041 4015 edidit,
1060 3952 1073 4005 Ι
1093 3971 1208 4027 quoquc
1228 3958 1245 4018 S
1264 3960 1299 4006 20

269 4059 339 4095 uera
371 4045 515 4116 scriptura
542 4048 637 4116 (ilium
661 4050 747 4102 ctiam
773 4047 878 4117 ipsrtrn)
908 4045 1014 4099 nititur·
1042 4053 1153 4099 tantum
1188 4046 1298 4099 indicio

267 4133 378 4188 codicis
410 4131 597 4208 Erlsngcasis
630 4148 659 4194 et
692 4158 743 4193 sus
768 4139 959 4199 necessitstc3
999 4138 1031 4190 in
1059 4137 1160 4191 codice
1184 4138 1296 4191 Uictori

266 4243 353 4298 quom
389 4229 573 4284 omitteretur
607 4237 697 4302 ipsum
732 4233 831 4303 (cuius
866 4230 909 4283 rci
948 4229 1063 4299 signum
1096 4247 1159 4284 csse
1192 4231 1298 4283 lincam

267 4319 332 4372 rioci
356 4319 386 4371 in
403 4326 484 4373 tcxtu
503 4324 690 4394 suppositam,
708 4324 834 4380 nondum
846 4320 1071 4393 intellegebam),
1086 4323 1233 4377 Uictorias
1252 4340 1296 4374 sn-

266 4426 316 4478 pm
339 4412 419 4464 ilium
443 4415 563 4487 scripsit
583 4436 610 4473 a.
