<?xml version="1.0" encoding="UTF-8"?>
<!DOCTYPE html PUBLIC "-//W3C//DTD XHTML 1.0 Transitional//EN"
    "http://www.w3.org/TR/xhtml1/DTD/xhtml1-transitional.dtd">
<html xmlns="http://www.w3.org/1999/xhtml" xml:lang="en" lang="en">
 <head>
  <title>
</title>
<meta http-equiv="Content-Type" content="text/html;charset=utf-8" />
  <meta name='ocr-system' content='tesseract 3.04.00' />
  <meta name='ocr-capabilities' content='ocr_page ocr_carea ocr_par ocr_line ocrx_word'/>
</head>
<body>
  <div class='ocr_page' id='page_1' title='image "./mtulliciceronis00madvgoog_0961.png"; bbox 0 0 2706 5018; ppageno 0'>
   <div class='ocr_carea' id='block_1_1' title="bbox 292 382 1155 451">
    <p class='ocr_par' dir='ltr' id='par_1_1' title="bbox 292 382 1155 451">
     <span class='ocr_line' id='line_1_1' title="bbox 292 382 1155 451; baseline -0.006 0"><span class='ocrx_word' id='word_1_1' title='bbox 292 382 516 451; x_wconf 76' lang='lat' dir='ltr'>ADDENDA</span> <span class='ocrx_word' id='word_1_2' title='bbox 539 383 598 449; x_wconf 79' lang='grc' dir='ltr'>ΕΤ</span> <span class='ocrx_word' id='word_1_3' title='bbox 620 382 926 450; x_wconf 76' lang='lat' dir='ltr'>CORRIGENDA.</span> <span class='ocrx_word' id='word_1_4' title='bbox 1091 386 1155 447; x_wconf 72' lang='lat'>878</span> 
     </span>
    </p>
   </div>
   <div class='ocr_carea' id='block_1_2' title="bbox 59 546 1158 2108">
    <p class='ocr_par' dir='ltr' id='par_1_2' title="bbox 128 546 1156 756">
     <span class='ocr_line' id='line_1_2' title="bbox 130 546 1154 650; baseline -0.005 -15"><span class='ocrx_word' id='word_1_5' title='bbox 130 580 313 635; x_wconf 80' lang='lat' dir='ltr'>rcribendum</span> <span class='ocrx_word' id='word_1_6' title='bbox 331 583 359 635; x_wconf 81' lang='lat' dir='ltr'>ni</span> <span class='ocrx_word' id='word_1_7' title='bbox 378 581 550 644; x_wconf 69' lang='lat' dir='ltr'>Eubulidas,</span> <span class='ocrx_word' id='word_1_8' title='bbox 575 579 679 633; x_wconf 74' lang='lat' dir='ltr'>Dorion</span> <span class='ocrx_word' id='word_1_9' title='bbox 706 546 823 644; x_wconf 24' lang='lat' dir='ltr'>foronei</span> <span class='ocrx_word' id='word_1_10' title='bbox 847 580 1084 650; x_wconf 72' lang='lat' dir='ltr'>quemadmodum</span> <span class='ocrx_word' id='word_1_11' title='bbox 1104 578 1154 641; x_wconf 86' lang='grc'><strong>111,</strong></span> 
     </span>
     <span class='ocr_line' id='line_1_3' title="bbox 128 683 1156 756; baseline -0.008 -16"><span class='ocrx_word' id='word_1_12' title='bbox 128 685 164 740; x_wconf 71' lang='lat' dir='ltr'>dd</span> <span class='ocrx_word' id='word_1_13' title='bbox 184 685 332 756; x_wconf 78' lang='lat' dir='ltr'>Zumptior</span> <span class='ocrx_word' id='word_1_14' title='bbox 342 684 430 739; x_wconf 80' lang='lat' dir='ltr'>edidit</span> <span class='ocrx_word' id='word_1_15' title='bbox 448 701 464 737; x_wconf 93' lang='lat' dir='ltr'>e</span> <span class='ocrx_word' id='word_1_16' title='bbox 482 685 542 737; x_wconf 87' lang='lat' dir='ltr'>cod.</span> <span class='ocrx_word' id='word_1_17' title='bbox 563 685 682 755; x_wconf 75' lang='lat' dir='ltr'>Logom.</span> <span class='ocrx_word' id='word_1_18' title='bbox 701 684 744 736; x_wconf 90' lang='grc'>12.</span> <span class='ocrx_word' id='word_1_19' title='bbox 775 684 824 738; x_wconf 86' lang='lat' dir='ltr'>Bie</span> <span class='ocrx_word' id='word_1_20' title='bbox 843 683 951 755; x_wconf 75' lang='lat' dir='ltr'>iegitur</span> <span class='ocrx_word' id='word_1_21' title='bbox 973 683 1156 736; x_wconf 83' lang='lat' dir='ltr'>Arcdonidne.</span> 
     </span>
    </p>

    <p class='ocr_par' dir='ltr' id='par_1_3' title="bbox 59 787 624 846">
     <span class='ocr_line' id='line_1_4' title="bbox 59 787 624 846; baseline 0.004 -4"><span class='ocrx_word' id='word_1_22' title='bbox 59 790 92 842; x_wconf 91' lang='grc' dir='ltr'><strong>Ρ.</strong></span> <span class='ocrx_word' id='word_1_23' title='bbox 111 788 163 843; x_wconf 83' lang='grc'>338</span> <span class='ocrx_word' id='word_1_24' title='bbox 182 797 239 843; x_wconf 88' lang='lat' dir='ltr'>not.</span> <span class='ocrx_word' id='word_1_25' title='bbox 260 808 289 846; x_wconf 98' lang='grc' dir='ltr'>ιι.</span> <span class='ocrx_word' id='word_1_26' title='bbox 310 787 497 842; x_wconf 68' lang='lat' dir='ltr'>tenerentur</span> <span class='ocrx_word' id='word_1_27' title='bbox 520 788 624 844; x_wconf 78' lang='lat' dir='ltr'>Cicero.</span> 
     </span>
    </p>

    <p class='ocr_par' dir='ltr' id='par_1_4' title="bbox 59 891 596 961">
     <span class='ocr_line' id='line_1_5' title="bbox 59 891 596 961; baseline -0.004 -16"><span class='ocrx_word' id='word_1_28' title='bbox 59 893 94 945; x_wconf 89' lang='grc' dir='ltr'><strong>Ρ.</strong></span> <span class='ocrx_word' id='word_1_29' title='bbox 112 891 165 946; x_wconf 80' lang='grc'>339</span> <span class='ocrx_word' id='word_1_30' title='bbox 183 898 241 946; x_wconf 84' lang='lat' dir='ltr'>not.</span> <span class='ocrx_word' id='word_1_31' title='bbox 263 910 290 947; x_wconf 91' lang='grc' dir='ltr'>ιι.</span> <span class='ocrx_word' id='word_1_32' title='bbox 310 892 436 960; x_wconf 76' lang='lat' dir='ltr'>iipoeeit</span> <span class='ocrx_word' id='word_1_33' title='bbox 454 894 473 944; x_wconf 91' lang='grc' dir='ltr'><strong>Ι.</strong></span> <span class='ocrx_word' id='word_1_34' title='bbox 491 899 596 961; x_wconf 70' lang='lat' dir='ltr'>poscet.</span> 
     </span>
    </p>

    <p class='ocr_par' dir='ltr' id='par_1_5' title="bbox 60 995 1157 1272">
     <span class='ocr_line' id='line_1_6' title="bbox 60 995 1155 1069; baseline -0.002 -21"><span class='ocrx_word' id='word_1_35' title='bbox 60 996 92 1053; x_wconf 90' lang='grc' dir='ltr'><strong>Ρ.</strong></span> <span class='ocrx_word' id='word_1_36' title='bbox 110 995 163 1048; x_wconf 84' lang='grc'>310</span> <span class='ocrx_word' id='word_1_37' title='bbox 181 996 229 1059; x_wconf 84' lang='lat' dir='ltr'>(od</span> <span class='ocrx_word' id='word_1_38' title='bbox 247 1002 315 1052; x_wconf 79' lang='lat' dir='ltr'>text.</span> <span class='ocrx_word' id='word_1_39' title='bbox 334 1014 362 1055; x_wconf 88' lang='lat' dir='ltr'>o.</span> <span class='ocrx_word' id='word_1_40' title='bbox 384 997 441 1064; x_wconf 91' lang='grc'><strong>13.)</strong></span> <span class='ocrx_word' id='word_1_41' title='bbox 477 996 572 1050; x_wconf 77' lang='lat' dir='ltr'>Etiam</span> <span class='ocrx_word' id='word_1_42' title='bbox 589 995 665 1068; x_wconf 82' lang='lat' dir='ltr'>Spin.</span> <span class='ocrx_word' id='word_1_43' title='bbox 690 996 856 1058; x_wconf 76' lang='lat' dir='ltr'>uidebatur,</span> <span class='ocrx_word' id='word_1_44' title='bbox 898 1003 926 1050; x_wconf 89' lang='lat' dir='ltr'>et</span> <span class='ocrx_word' id='word_1_45' title='bbox 944 1002 1037 1069; x_wconf 78' lang='lat' dir='ltr'>potent</span> <span class='ocrx_word' id='word_1_46' title='bbox 1056 995 1155 1065; x_wconf 78' lang='lat' dir='ltr'>recipi,</span> 
     </span>
     <span class='ocr_line' id='line_1_7' title="bbox 130 1099 1157 1169; baseline 0 -16"><span class='ocrx_word' id='word_1_47' title='bbox 130 1106 161 1154; x_wconf 84' lang='lat' dir='ltr'>nt</span> <span class='ocrx_word' id='word_1_48' title='bbox 180 1099 279 1155; x_wconf 77' lang='lat' dir='ltr'>Cicero</span> <span class='ocrx_word' id='word_1_49' title='bbox 298 1107 404 1154; x_wconf 82' lang='lat' dir='ltr'>nerrot.</span> <span class='ocrx_word' id='word_1_50' title='bbox 440 1100 547 1155; x_wconf 78' lang='lat' dir='ltr'>lieinde</span> <span class='ocrx_word' id='word_1_51' title='bbox 566 1100 742 1155; x_wconf 80' lang='lat' dir='ltr'>Goerenniun</span> <span class='ocrx_word' id='word_1_52' title='bbox 761 1101 835 1156; x_wconf 74' lang='lat' dir='ltr'>tolno</span> <span class='ocrx_word' id='word_1_53' title='bbox 854 1101 970 1169; x_wconf 82' lang='lat' dir='ltr'>ecribit,</span> <span class='ocrx_word' id='word_1_54' title='bbox 998 1107 1027 1154; x_wconf 90' lang='lat' dir='ltr'>in</span> <span class='ocrx_word' id='word_1_55' title='bbox 1046 1102 1108 1154; x_wconf 78' lang='lat' dir='ltr'>Eri.</span> <span class='ocrx_word' id='word_1_56' title='bbox 1128 1108 1157 1153; x_wconf 83' lang='lat' dir='ltr'>et</span> 
     </span>
     <span class='ocr_line' id='line_1_8' title="bbox 129 1203 452 1272; baseline 0.003 -16"><span class='ocrx_word' id='word_1_57' title='bbox 129 1203 204 1272; x_wconf 80' lang='lat' dir='ltr'>Spin.</span> <span class='ocrx_word' id='word_1_58' title='bbox 222 1221 283 1258; x_wconf 82' lang='lat' dir='ltr'>cere</span> <span class='ocrx_word' id='word_1_59' title='bbox 302 1206 452 1259; x_wconf 71' lang='lat' dir='ltr'>morientia.</span> 
     </span>
    </p>

    <p class='ocr_par' dir='ltr' id='par_1_6' title="bbox 60 1304 853 1381">
     <span class='ocr_line' id='line_1_9' title="bbox 60 1304 853 1381; baseline 0.008 -24"><span class='ocrx_word' id='word_1_60' title='bbox 60 1307 93 1359; x_wconf 86' lang='lat' dir='ltr'>P.</span> <span class='ocrx_word' id='word_1_61' title='bbox 112 1304 166 1358; x_wconf 87' lang='grc'>312</span> <span class='ocrx_word' id='word_1_62' title='bbox 184 1308 234 1375; x_wconf 81' lang='lat' dir='ltr'>(ad</span> <span class='ocrx_word' id='word_1_63' title='bbox 254 1315 322 1363; x_wconf 79' lang='lat' dir='ltr'>text.</span> <span class='ocrx_word' id='word_1_64' title='bbox 343 1327 371 1362; x_wconf 94' lang='grc' dir='ltr'>ιι.</span> <span class='ocrx_word' id='word_1_65' title='bbox 390 1308 452 1378; x_wconf 92' lang='grc'><strong>12.)</strong></span> <span class='ocrx_word' id='word_1_66' title='bbox 471 1309 587 1379; x_wconf 77' lang='lat' dir='ltr'>egregio</span> <span class='ocrx_word' id='word_1_67' title='bbox 606 1316 652 1362; x_wconf 82' lang='lat' dir='ltr'>tuo</span> <span class='ocrx_word' id='word_1_68' title='bbox 672 1308 758 1362; x_wconf 79' lang='lat' dir='ltr'>etiem</span> <span class='ocrx_word' id='word_1_69' title='bbox 778 1309 853 1381; x_wconf 77' lang='lat' dir='ltr'>Spin.</span> 
     </span>
    </p>

    <p class='ocr_par' dir='ltr' id='par_1_7' title="bbox 60 1410 767 1479">
     <span class='ocr_line' id='line_1_10' title="bbox 60 1410 767 1479; baseline 0.006 -17"><span class='ocrx_word' id='word_1_70' title='bbox 60 1411 93 1462; x_wconf 93' lang='grc' dir='ltr'><strong>Ρ.</strong></span> <span class='ocrx_word' id='word_1_71' title='bbox 112 1410 166 1463; x_wconf 89' lang='grc'>313</span> <span class='ocrx_word' id='word_1_72' title='bbox 184 1417 242 1466; x_wconf 83' lang='lat' dir='ltr'>not.</span> <span class='ocrx_word' id='word_1_73' title='bbox 263 1431 290 1467; x_wconf 90' lang='grc' dir='ltr'>ιι.</span> <span class='ocrx_word' id='word_1_74' title='bbox 309 1415 326 1465; x_wconf 86' lang='grc'><strong>1</strong></span> <span class='ocrx_word' id='word_1_75' title='bbox 345 1415 364 1467; x_wconf 90' lang='grc' dir='ltr'>Ι,</span> <span class='ocrx_word' id='word_1_76' title='bbox 390 1412 447 1479; x_wconf 60' lang='lat' dir='ltr'>Uin</span> <span class='ocrx_word' id='word_1_77' title='bbox 466 1420 493 1466; x_wconf 89' lang='lat' dir='ltr'>et</span> <span class='ocrx_word' id='word_1_78' title='bbox 513 1429 604 1466; x_wconf 79' lang='lat' dir='ltr'>omnen</span> <span class='ocrx_word' id='word_1_79' title='bbox 624 1412 767 1467; x_wconf 78' lang='lat' dir='ltr'>Goerenzi.</span> 
     </span>
    </p>

    <p class='ocr_par' dir='ltr' id='par_1_8' title="bbox 59 1514 1158 2108">
     <span class='ocr_line' id='line_1_11' title="bbox 59 1514 1158 1588; baseline 0.002 -22"><span class='ocrx_word' id='word_1_80' title='bbox 59 1515 92 1566; x_wconf 83' lang='grc' dir='ltr'><strong>Ρ.</strong></span> <span class='ocrx_word' id='word_1_81' title='bbox 109 1514 163 1568; x_wconf 90' lang='grc'>311</span> <span class='ocrx_word' id='word_1_82' title='bbox 181 1516 233 1582; x_wconf 87' lang='lat' dir='ltr'>(od</span> <span class='ocrx_word' id='word_1_83' title='bbox 245 1524 341 1571; x_wconf 78' lang='lat' dir='ltr'>notem</span> <span class='ocrx_word' id='word_1_84' title='bbox 356 1519 443 1587; x_wconf 82' lang='lat' dir='ltr'>extr.)</span> <span class='ocrx_word' id='word_1_85' title='bbox 479 1517 582 1572; x_wconf 74' lang='lat' dir='ltr'>Merito</span> <span class='ocrx_word' id='word_1_86' title='bbox 601 1517 692 1570; x_wconf 84' lang='lat' dir='ltr'>inenio</span> <span class='ocrx_word' id='word_1_87' title='bbox 706 1517 819 1572; x_wconf 88' lang='lat' dir='ltr'>uidetur</span> <span class='ocrx_word' id='word_1_88' title='bbox 829 1518 1012 1588; x_wconf 73' lang='lat' dir='ltr'>reprehendo</span> <span class='ocrx_word' id='word_1_89' title='bbox 1030 1515 1158 1587; x_wconf 74' lang='lat' dir='ltr'>Epicuri,</span> 
     </span>
     <span class='ocr_line' id='line_1_12' title="bbox 130 1620 1156 1694; baseline 0 -22"><span class='ocrx_word' id='word_1_90' title='bbox 130 1621 222 1689; x_wconf 81' lang='lat' dir='ltr'>quotie</span> <span class='ocrx_word' id='word_1_91' title='bbox 243 1622 290 1674; x_wconf 87' lang='lat' dir='ltr'>hie</span> <span class='ocrx_word' id='word_1_92' title='bbox 309 1637 327 1675; x_wconf 78' lang='lat' dir='ltr'>o</span> <span class='ocrx_word' id='word_1_93' title='bbox 346 1620 482 1676; x_wconf 83' lang='lat' dir='ltr'>Cicerone</span> <span class='ocrx_word' id='word_1_94' title='bbox 500 1621 624 1692; x_wconf 78' lang='lat' dir='ltr'>ponitur.</span> <span class='ocrx_word' id='word_1_95' title='bbox 661 1621 718 1676; x_wconf 87' lang='lat' dir='ltr'>Sed</span> <span class='ocrx_word' id='word_1_96' title='bbox 736 1639 826 1694; x_wconf 84' lang='lat' dir='ltr'>neque</span> <span class='ocrx_word' id='word_1_97' title='bbox 844 1622 868 1676; x_wconf 86' lang='lat' dir='ltr'>ie</span> <span class='ocrx_word' id='word_1_98' title='bbox 887 1639 995 1693; x_wconf 85' lang='lat' dir='ltr'>neque,</span> <span class='ocrx_word' id='word_1_99' title='bbox 1026 1620 1073 1691; x_wconf 86' lang='lat' dir='ltr'>qui</span> <span class='ocrx_word' id='word_1_100' title='bbox 1091 1636 1156 1673; x_wconf 78' lang='lat' dir='ltr'>enm</span> 
     </span>
     <span class='ocr_line' id='line_1_13' title="bbox 130 1724 1157 1797; baseline 0 -22"><span class='ocrx_word' id='word_1_101' title='bbox 130 1725 248 1790; x_wconf 77' lang='lat' dir='ltr'>refutet,</span> <span class='ocrx_word' id='word_1_102' title='bbox 269 1725 380 1779; x_wconf 79' lang='lat' dir='ltr'>Gelliue</span> <span class='ocrx_word' id='word_1_103' title='bbox 395 1726 564 1780; x_wconf 75' lang='lat' dir='ltr'>contentioni</span> <span class='ocrx_word' id='word_1_104' title='bbox 584 1728 747 1781; x_wconf 75' lang='lat' dir='ltr'>(ir-ecorum</span> <span class='ocrx_word' id='word_1_105' title='bbox 766 1727 907 1781; x_wconf 79' lang='lat' dir='ltr'>intellexit</span> <span class='ocrx_word' id='word_1_106' title='bbox 926 1728 1046 1797; x_wconf 81' lang='lat' dir='ltr'>pieneue</span> <span class='ocrx_word' id='word_1_107' title='bbox 1068 1724 1157 1779; x_wconf 84' lang='lat' dir='ltr'>trodi-</span> 
     </span>
     <span class='ocr_line' id='line_1_14' title="bbox 130 1827 1157 1902; baseline 0.002 -22"><span class='ocrx_word' id='word_1_108' title='bbox 130 1827 181 1884; x_wconf 87' lang='lat' dir='ltr'>dit.</span> <span class='ocrx_word' id='word_1_109' title='bbox 216 1828 289 1882; x_wconf 84' lang='lat' dir='ltr'>Nem</span> <span class='ocrx_word' id='word_1_110' title='bbox 309 1847 342 1884; x_wconf 81' lang='lat' dir='ltr'>ex</span> <span class='ocrx_word' id='word_1_111' title='bbox 360 1831 515 1886; x_wconf 75' lang='lat' dir='ltr'>Alexandri</span> <span class='ocrx_word' id='word_1_112' title='bbox 537 1830 763 1902; x_wconf 75' lang='lat' dir='ltr'>Aphrodioieneie</span> <span class='ocrx_word' id='word_1_113' title='bbox 789 1831 972 1885; x_wconf 73' lang='lat' dir='ltr'><strong>adnotatione</strong></span> <span class='ocrx_word' id='word_1_114' title='bbox 992 1831 1028 1883; x_wconf 81' lang='lat' dir='ltr'>ed</span> <span class='ocrx_word' id='word_1_115' title='bbox 1048 1829 1157 1882; x_wconf 77' lang='lat' dir='ltr'>Arioto·</span> 
     </span>
     <span class='ocr_line' id='line_1_15' title="bbox 131 1932 1157 2006; baseline -0.001 -20"><span class='ocrx_word' id='word_1_116' title='bbox 131 1932 195 1986; x_wconf 84' lang='lat' dir='ltr'>tedio</span> <span class='ocrx_word' id='word_1_117' title='bbox 222 1935 296 2004; x_wconf 84' lang='lat' dir='ltr'>Top.</span> <span class='ocrx_word' id='word_1_118' title='bbox 321 1940 336 1988; x_wconf 93' lang='lat'>1</span> <span class='ocrx_word' id='word_1_119' title='bbox 362 1951 429 2005; x_wconf 73' lang='lat' dir='ltr'>pag·</span> <span class='ocrx_word' id='word_1_120' title='bbox 453 1935 471 1988; x_wconf 81' lang='grc'>9</span> <span class='ocrx_word' id='word_1_121' title='bbox 497 1937 536 2006; x_wconf 86' lang='lat' dir='ltr'>(p.</span> <span class='ocrx_word' id='word_1_122' title='bbox 558 1934 612 1990; x_wconf 80' lang='grc'><strong>253</strong></span> <span class='ocrx_word' id='word_1_123' title='bbox 647 1937 691 1989; x_wconf 90' lang='lat' dir='ltr'>ed.</span> <span class='ocrx_word' id='word_1_124' title='bbox 719 1936 816 1989; x_wconf 82' lang='lat' dir='ltr'>Berol.</span> <span class='ocrx_word' id='word_1_125' title='bbox 846 1935 1020 1990; x_wconf 80' lang='lat' dir='ltr'>echoiiorurn</span> <span class='ocrx_word' id='word_1_126' title='bbox 1048 1934 1157 2002; x_wconf 63' lang='lat' dir='ltr'>Arium,</span> 
     </span>
     <span class='ocr_line' id='line_1_16' title="bbox 130 2027 1157 2108; baseline 0 -18"><span class='ocrx_word' id='word_1_127' title='bbox 130 2053 214 2107; x_wconf 84' lang='lat' dir='ltr'>quom</span> <span class='ocrx_word' id='word_1_128' title='bbox 233 2044 297 2108; x_wconf 82' lang='lat' dir='ltr'>poet</span> <span class='ocrx_word' id='word_1_129' title='bbox 314 2039 459 2092; x_wconf 78' lang='lat' dir='ltr'>Monetam</span> <span class='ocrx_word' id='word_1_130' title='bbox 481 2041 564 2104; x_wconf 85' lang='lat' dir='ltr'>(Uer.</span> <span class='ocrx_word' id='word_1_131' title='bbox 587 2027 665 2094; x_wconf 75' lang='lat' dir='ltr'>Leot-</span> <span class='ocrx_word' id='word_1_132' title='bbox 682 2041 751 2104; x_wconf 77' lang='grc' dir='ltr'><strong>ΧΙΙ,</strong></span> <span class='ocrx_word' id='word_1_133' title='bbox 787 2039 836 2106; x_wconf 82' lang='grc'><strong>16)</strong></span> <span class='ocrx_word' id='word_1_134' title='bbox 863 2040 918 2094; x_wconf 81' lang='lat' dir='ltr'>lor.</span> <span class='ocrx_word' id='word_1_135' title='bbox 941 2034 1103 2091; x_wconf 84' lang='lat' dir='ltr'>Grononiuo</span> <span class='ocrx_word' id='word_1_136' title='bbox 1121 2037 1157 2090; x_wconf 77' lang='lat' dir='ltr'>nd</span> 
     </span>
    </p>
   </div>
   <div class='ocr_carea' id='block_1_3' title="bbox 132 2139 1245 2214">
    <p class='ocr_par' dir='ltr' id='par_1_9' title="bbox 132 2139 1245 2214">
     <span class='ocr_line' id='line_1_17' title="bbox 132 2139 1245 2214; baseline 0 -21"><span class='ocrx_word' id='word_1_137' title='bbox 132 2140 260 2194; x_wconf 83' lang='lat' dir='ltr'>Gellium</span> <span class='ocrx_word' id='word_1_138' title='bbox 286 2141 434 2211; x_wconf 69' lang='lat' dir='ltr'>decripsit,</span> <span class='ocrx_word' id='word_1_139' title='bbox 470 2144 606 2213; x_wconf 70' lang='lat' dir='ltr'>adparet,</span> <span class='ocrx_word' id='word_1_140' title='bbox 644 2144 699 2196; x_wconf 86' lang='lat' dir='ltr'>hoc</span> <span class='ocrx_word' id='word_1_141' title='bbox 722 2143 789 2197; x_wconf 81' lang='lat' dir='ltr'>illoc</span> <span class='ocrx_word' id='word_1_142' title='bbox 815 2143 1049 2214; x_wconf 68' lang='lat' dir='ltr'>reprehendisse,</span> <span class='ocrx_word' id='word_1_143' title='bbox 1084 2139 1159 2210; x_wconf 81' lang='lat' dir='ltr'>quod</span> <span class='ocrx_word' id='word_1_144' title='bbox 1239 2174 1245 2180; x_wconf 89' lang='lat'><em>-</em></span> 
     </span>
    </p>
   </div>
   <div class='ocr_carea' id='block_1_4' title="bbox 61 2244 1207 3046">
    <p class='ocr_par' dir='ltr' id='par_1_10' title="bbox 129 2244 1207 2630">
     <span class='ocr_line' id='line_1_18' title="bbox 129 2244 1207 2318; baseline 0.002 -21"><span class='ocrx_word' id='word_1_145' title='bbox 129 2245 306 2314; x_wconf 76' lang='lat' dir='ltr'>Epicuron</span> <span class='ocrx_word' id='word_1_146' title='bbox 331 2244 516 2300; x_wconf 83' lang='lat' dir='ltr'>direolutione</span> <span class='ocrx_word' id='word_1_147' title='bbox 534 2248 569 2302; x_wconf 80' lang='lat' dir='ltr'>nd</span> <span class='ocrx_word' id='word_1_148' title='bbox 588 2246 921 2313; x_wconf 80' lang='lat' dir='ltr'>dieeolntnmtronoiret3</span> <span class='ocrx_word' id='word_1_149' title='bbox 953 2264 1046 2318; x_wconf 86' lang='lat' dir='ltr'>neque</span> <span class='ocrx_word' id='word_1_150' title='bbox 1073 2245 1159 2309; x_wconf 83' lang='lat' dir='ltr'>enim,</span> <span class='ocrx_word' id='word_1_151' title='bbox 1204 2292 1207 2299; x_wconf 95' lang='lat'><em>.</em></span> 
     </span>
     <span class='ocr_line' id='line_1_19' title="bbox 130 2348 1161 2419; baseline 0 -18"><span class='ocrx_word' id='word_1_152' title='bbox 130 2348 199 2419; x_wconf 82' lang='lat' dir='ltr'>quin</span> <span class='ocrx_word' id='word_1_153' title='bbox 219 2349 264 2415; x_wconf 88' lang='lat' dir='ltr'>id,</span> <span class='ocrx_word' id='word_1_154' title='bbox 284 2351 357 2419; x_wconf 85' lang='lat' dir='ltr'>qnod</span> <span class='ocrx_word' id='word_1_155' title='bbox 379 2349 549 2406; x_wconf 80' lang='lat' dir='ltr'>diorolutnm</span> <span class='ocrx_word' id='word_1_156' title='bbox 572 2358 664 2417; x_wconf 86' lang='lat' dir='ltr'>eoeet,</span> <span class='ocrx_word' id='word_1_157' title='bbox 682 2348 743 2404; x_wconf 85' lang='lat' dir='ltr'>eine</span> <span class='ocrx_word' id='word_1_158' title='bbox 761 2367 845 2404; x_wconf 83' lang='lat' dir='ltr'>eenen</span> <span class='ocrx_word' id='word_1_159' title='bbox 865 2358 954 2416; x_wconf 67' lang='lat' dir='ltr'>meet,</span> <span class='ocrx_word' id='word_1_160' title='bbox 990 2350 1054 2403; x_wconf 88' lang='lat' dir='ltr'>idco</span> <span class='ocrx_word' id='word_1_161' title='bbox 1074 2349 1161 2402; x_wconf 78' lang='lat' dir='ltr'>etiem</span> 
     </span>
     <span class='ocr_line' id='line_1_20' title="bbox 130 2451 1160 2523; baseline 0.001 -18"><span class='ocrx_word' id='word_1_162' title='bbox 130 2452 221 2523; x_wconf 80' lang='lat' dir='ltr'>ipram</span> <span class='ocrx_word' id='word_1_163' title='bbox 240 2453 455 2508; x_wconf 84' lang='lat' dir='ltr'>dieeolutionenn</span> <span class='ocrx_word' id='word_1_164' title='bbox 475 2461 503 2509; x_wconf 90' lang='lat' dir='ltr'>et</span> <span class='ocrx_word' id='word_1_165' title='bbox 524 2462 645 2509; x_wconf 86' lang='lat' dir='ltr'>mortem</span> <span class='ocrx_word' id='word_1_166' title='bbox 660 2453 724 2507; x_wconf 84' lang='lat' dir='ltr'>fiori</span> <span class='ocrx_word' id='word_1_167' title='bbox 741 2453 802 2508; x_wconf 85' lang='lat' dir='ltr'>eine</span> <span class='ocrx_word' id='word_1_168' title='bbox 820 2472 913 2509; x_wconf 83' lang='lat' dir='ltr'>eonon.</span> <span class='ocrx_word' id='word_1_169' title='bbox 967 2454 1067 2523; x_wconf 82' lang='lat' dir='ltr'>itnqne</span> <span class='ocrx_word' id='word_1_170' title='bbox 1084 2451 1160 2506; x_wconf 85' lang='lat' dir='ltr'>ident</span> 
     </span>
     <span class='ocr_line' id='line_1_21' title="bbox 131 2556 1038 2630; baseline 0 -21"><span class='ocrx_word' id='word_1_171' title='bbox 131 2556 239 2622; x_wconf 82' lang='lat' dir='ltr'>dicunt,</span> <span class='ocrx_word' id='word_1_172' title='bbox 258 2559 333 2629; x_wconf 89' lang='lat' dir='ltr'>qnod</span> <span class='ocrx_word' id='word_1_173' title='bbox 354 2577 407 2630; x_wconf 74' lang='lat' dir='ltr'>ego</span> <span class='ocrx_word' id='word_1_174' title='bbox 430 2578 457 2628; x_wconf 80' lang='lat' dir='ltr'>p.</span> <span class='ocrx_word' id='word_1_175' title='bbox 475 2558 510 2612; x_wconf 78' lang='lat'>85</span> <span class='ocrx_word' id='word_1_176' title='bbox 529 2562 602 2628; x_wconf 80' lang='lat' dir='ltr'>(noi.</span> <span class='ocrx_word' id='word_1_177' title='bbox 622 2575 695 2612; x_wconf 78' lang='lat' dir='ltr'>onore</span> <span class='ocrx_word' id='word_1_178' title='bbox 714 2574 797 2610; x_wconf 77' lang='lat' dir='ltr'>ceneto</span> <span class='ocrx_word' id='word_1_179' title='bbox 816 2559 925 2626; x_wconf 79' lang='lat' dir='ltr'>rorent)</span> <span class='ocrx_word' id='word_1_180' title='bbox 947 2557 1038 2628; x_wconf 79' lang='lat' dir='ltr'>poeni.</span> 
     </span>
    </p>

    <p class='ocr_par' dir='ltr' id='par_1_11' title="bbox 61 2661 1159 2837">
     <span class='ocr_line' id='line_1_22' title="bbox 61 2661 1159 2732; baseline -0.001 -17"><span class='ocrx_word' id='word_1_181' title='bbox 61 2663 94 2717; x_wconf 89' lang='grc' dir='ltr'>Ρ.</span> <span class='ocrx_word' id='word_1_182' title='bbox 113 2661 168 2716; x_wconf 84' lang='grc'>313</span> <span class='ocrx_word' id='word_1_183' title='bbox 188 2662 215 2715; x_wconf 84' lang='grc' dir='ltr'>ἰιι</span> <span class='ocrx_word' id='word_1_184' title='bbox 236 2679 297 2716; x_wconf 81' lang='lat' dir='ltr'>ner.</span> <span class='ocrx_word' id='word_1_185' title='bbox 318 2663 413 2732; x_wconf 85' lang='lat' dir='ltr'>ecript.</span> <span class='ocrx_word' id='word_1_186' title='bbox 435 2680 462 2717; x_wconf 91' lang='grc' dir='ltr'>ιι.</span> <span class='ocrx_word' id='word_1_187' title='bbox 480 2662 536 2722; x_wconf 91' lang='grc'>31.</span> <span class='ocrx_word' id='word_1_188' title='bbox 556 2664 611 2717; x_wconf 81' lang='lat' dir='ltr'>oiri</span> <span class='ocrx_word' id='word_1_189' title='bbox 630 2681 691 2716; x_wconf 84' lang='lat' dir='ltr'>com</span> <span class='ocrx_word' id='word_1_190' title='bbox 709 2662 865 2716; x_wconf 78' lang='lat' dir='ltr'>LMCROr.</span> <span class='ocrx_word' id='word_1_191' title='bbox 893 2668 922 2716; x_wconf 88' lang='lat' dir='ltr'>et</span> <span class='ocrx_word' id='word_1_192' title='bbox 947 2661 975 2715; x_wconf 93' lang='lat' dir='ltr'>in</span> <span class='ocrx_word' id='word_1_193' title='bbox 994 2667 1051 2716; x_wconf 91' lang='lat' dir='ltr'>not.</span> <span class='ocrx_word' id='word_1_194' title='bbox 1078 2679 1105 2715; x_wconf 87' lang='lat' dir='ltr'>u.</span> <span class='ocrx_word' id='word_1_195' title='bbox 1125 2663 1159 2715; x_wconf 89' lang='lat' dir='ltr'>ll</span> 
     </span>
     <span class='ocr_line' id='line_1_23' title="bbox 133 2767 432 2837; baseline 0.007 -17"><span class='ocrx_word' id='word_1_196' title='bbox 133 2785 185 2837; x_wconf 81' lang='lat' dir='ltr'>pro</span> <span class='ocrx_word' id='word_1_197' title='bbox 205 2770 238 2832; x_wconf 79' lang='lat' dir='ltr'>V,</span> <span class='ocrx_word' id='word_1_198' title='bbox 257 2767 275 2820; x_wconf 79' lang='lat' dir='ltr'>o</span> <span class='ocrx_word' id='word_1_199' title='bbox 295 2768 312 2820; x_wconf 89' lang='lat' dir='ltr'>i.</span> <span class='ocrx_word' id='word_1_200' title='bbox 336 2768 386 2833; x_wconf 84' lang='lat' dir='ltr'>lv,</span> <span class='ocrx_word' id='word_1_201' title='bbox 404 2767 432 2822; x_wconf 84' lang='grc'>3.</span> 
     </span>
    </p>

    <p class='ocr_par' dir='ltr' id='par_1_12' title="bbox 62 2869 941 2943">
     <span class='ocr_line' id='line_1_24' title="bbox 62 2869 941 2943; baseline -0.003 -19"><span class='ocrx_word' id='word_1_202' title='bbox 62 2873 96 2927; x_wconf 87' lang='grc' dir='ltr'><strong>Ρ.</strong></span> <span class='ocrx_word' id='word_1_203' title='bbox 118 2869 170 2923; x_wconf 87' lang='grc'>317</span> <span class='ocrx_word' id='word_1_204' title='bbox 190 2877 247 2923; x_wconf 93' lang='lat' dir='ltr'>not.</span> <span class='ocrx_word' id='word_1_205' title='bbox 267 2888 294 2924; x_wconf 91' lang='grc' dir='ltr'>ιι.</span> <span class='ocrx_word' id='word_1_206' title='bbox 313 2871 395 2943; x_wconf 69' lang='lat' dir='ltr'>ipro</span> <span class='ocrx_word' id='word_1_207' title='bbox 415 2891 439 2927; x_wconf 81' lang='lat' dir='ltr'>r.</span> <span class='ocrx_word' id='word_1_208' title='bbox 458 2872 493 2926; x_wconf 91' lang='grc'><strong>12</strong></span> <span class='ocrx_word' id='word_1_209' title='bbox 511 2873 532 2929; x_wconf 89' lang='grc'>1.</span> <span class='ocrx_word' id='word_1_210' title='bbox 550 2891 574 2925; x_wconf 92' lang='lat' dir='ltr'>c.</span> <span class='ocrx_word' id='word_1_211' title='bbox 593 2872 628 2927; x_wconf 87' lang='grc'>13</span> <span class='ocrx_word' id='word_1_212' title='bbox 650 2873 781 2927; x_wconf 74' lang='lat' dir='ltr'>etu.15</span> <span class='ocrx_word' id='word_1_213' title='bbox 803 2871 941 2939; x_wconf 70' lang='lat' dir='ltr'>erigonam.</span> 
     </span>
    </p>

    <p class='ocr_par' dir='ltr' id='par_1_13' title="bbox 62 2975 1159 3046">
     <span class='ocr_line' id='line_1_25' title="bbox 62 2975 1159 3046; baseline 0.003 -18"><span class='ocrx_word' id='word_1_214' title='bbox 62 2978 95 3031; x_wconf 84' lang='lat' dir='ltr'>P.</span> <span class='ocrx_word' id='word_1_215' title='bbox 115 2975 169 3029; x_wconf 84' lang='grc'>318</span> <span class='ocrx_word' id='word_1_216' title='bbox 187 2976 235 3039; x_wconf 82' lang='lat' dir='ltr'>(od</span> <span class='ocrx_word' id='word_1_217' title='bbox 256 2981 313 3029; x_wconf 90' lang='lat' dir='ltr'>not.</span> <span class='ocrx_word' id='word_1_218' title='bbox 333 2994 361 3031; x_wconf 88' lang='grc' dir='ltr'>ιι.</span> <span class='ocrx_word' id='word_1_219' title='bbox 383 2977 441 3045; x_wconf 83' lang='grc'><strong>15.)</strong></span> <span class='ocrx_word' id='word_1_220' title='bbox 478 2978 587 3031; x_wconf 77' lang='lat' dir='ltr'>Eodem</span> <span class='ocrx_word' id='word_1_221' title='bbox 604 2976 687 3030; x_wconf 85' lang='lat' dir='ltr'>modo</span> <span class='ocrx_word' id='word_1_222' title='bbox 706 2977 765 3030; x_wconf 75' lang='lat' dir='ltr'>hec</span> <span class='ocrx_word' id='word_1_223' title='bbox 774 2976 887 3046; x_wconf 69' lang='lat' dir='ltr'>erripuit</span> <span class='ocrx_word' id='word_1_224' title='bbox 904 2976 998 3028; x_wconf 72' lang='lat' dir='ltr'>Uarro</span> <span class='ocrx_word' id='word_1_225' title='bbox 1017 2975 1052 3027; x_wconf 90' lang='lat' dir='ltr'>de</span> <span class='ocrx_word' id='word_1_226' title='bbox 1071 2976 1107 3030; x_wconf 79' lang='lat' dir='ltr'>R.</span> <span class='ocrx_word' id='word_1_227' title='bbox 1123 2978 1159 3031; x_wconf 84' lang='lat' dir='ltr'>R.</span> 
     </span>
    </p>
   </div>
   <div class='ocr_carea' id='block_1_5' title="bbox 131 3077 1161 3156">
    <p class='ocr_par' dir='ltr' id='par_1_14' title="bbox 131 3077 1161 3156">
     <span class='ocr_line' id='line_1_26' title="bbox 131 3077 1161 3156; baseline 0.001 -22"><span class='ocrx_word' id='word_1_228' title='bbox 131 3080 185 3145; x_wconf 86' lang='lat' dir='ltr'>lli,</span> <span class='ocrx_word' id='word_1_229' title='bbox 203 3079 231 3140; x_wconf 83' lang='grc'><strong>3,</strong></span> <span class='ocrx_word' id='word_1_230' title='bbox 251 3077 283 3132; x_wconf 75' lang='grc' dir='ltr'><strong>Βι</strong></span> <span class='ocrx_word' id='word_1_231' title='bbox 317 3085 353 3133; x_wconf 88' lang='lat' dir='ltr'>In</span> <span class='ocrx_word' id='word_1_232' title='bbox 371 3081 523 3147; x_wconf 80' lang='lat' dir='ltr'>codiiidue,</span> <span class='ocrx_word' id='word_1_233' title='bbox 544 3099 623 3156; x_wconf 79' lang='lat' dir='ltr'>qoom</span> <span class='ocrx_word' id='word_1_234' title='bbox 640 3082 816 3149; x_wconf 79' lang='lat' dir='ltr'>parturient,</span> <span class='ocrx_word' id='word_1_235' title='bbox 835 3096 902 3132; x_wconf 79' lang='lat' dir='ltr'>ocor</span> <span class='ocrx_word' id='word_1_236' title='bbox 920 3081 1161 3146; x_wconf 63' lang='lat' dir='ltr'>substernendum</span> 
     </span>
    </p>
   </div>
   <div class='ocr_carea' id='block_1_6' title="bbox 62 3184 1163 4507">
    <p class='ocr_par' dir='ltr' id='par_1_15' title="bbox 131 3184 1163 3666">
     <span class='ocr_line' id='line_1_27' title="bbox 132 3184 1161 3254; baseline 0.003 -17"><span class='ocrx_word' id='word_1_237' title='bbox 132 3201 212 3254; x_wconf 75' lang='lat' dir='ltr'>quoni</span> <span class='ocrx_word' id='word_1_238' title='bbox 229 3192 413 3252; x_wconf 76' lang='lat' dir='ltr'>pepererunt,</span> <span class='ocrx_word' id='word_1_239' title='bbox 452 3185 550 3238; x_wconf 78' lang='lat' dir='ltr'>toliere</span> <span class='ocrx_word' id='word_1_240' title='bbox 574 3185 746 3238; x_wconf 81' lang='lat' dir='ltr'>eodetrornen</span> <span class='ocrx_word' id='word_1_241' title='bbox 771 3191 798 3238; x_wconf 84' lang='lat' dir='ltr'>et</span> <span class='ocrx_word' id='word_1_242' title='bbox 816 3200 911 3237; x_wconf 80' lang='lat' dir='ltr'>recent</span> <span class='ocrx_word' id='word_1_243' title='bbox 930 3184 1008 3236; x_wconf 86' lang='lat' dir='ltr'>oiiod</span> <span class='ocrx_word' id='word_1_244' title='bbox 1029 3185 1161 3240; x_wconf 70' lang='lat' dir='ltr'>indicere.</span> 
     </span>
     <span class='ocr_line' id='line_1_28' title="bbox 133 3288 1162 3359; baseline 0 -16"><span class='ocrx_word' id='word_1_245' title='bbox 133 3290 227 3356; x_wconf 78' lang='lat' dir='ltr'>(Idem</span> <span class='ocrx_word' id='word_1_246' title='bbox 248 3291 341 3342; x_wconf 80' lang='lat' dir='ltr'>Uerno</span> <span class='ocrx_word' id='word_1_247' title='bbox 362 3290 483 3343; x_wconf 80' lang='lat' dir='ltr'>iortneee</span> <span class='ocrx_word' id='word_1_248' title='bbox 500 3295 542 3354; x_wconf 91' lang='grc'>11,</span> <span class='ocrx_word' id='word_1_249' title='bbox 562 3292 590 3354; x_wconf 87' lang='grc'>7,</span> <span class='ocrx_word' id='word_1_250' title='bbox 610 3289 644 3341; x_wconf 92' lang='grc'>11</span> <span class='ocrx_word' id='word_1_251' title='bbox 662 3288 775 3359; x_wconf 74' lang='lat' dir='ltr'>erripuit</span> <span class='ocrx_word' id='word_1_252' title='bbox 794 3290 879 3358; x_wconf 80' lang='lat' dir='ltr'>plone</span> <span class='ocrx_word' id='word_1_253' title='bbox 897 3290 932 3342; x_wconf 81' lang='lat' dir='ltr'>ed</span> <span class='ocrx_word' id='word_1_254' title='bbox 955 3289 1083 3343; x_wconf 72' lang='lat' dir='ltr'>(inurent</span> <span class='ocrx_word' id='word_1_255' title='bbox 1101 3290 1162 3343; x_wconf 81' lang='lat' dir='ltr'>sor·</span> 
     </span>
     <span class='ocr_line' id='line_1_29' title="bbox 133 3390 1163 3460; baseline 0.003 -13"><span class='ocrx_word' id='word_1_256' title='bbox 133 3409 229 3448; x_wconf 72' lang='lat' dir='ltr'>meme</span> <span class='ocrx_word' id='word_1_257' title='bbox 256 3394 377 3445; x_wconf 87' lang='lat' dir='ltr'>dondonr</span> <span class='ocrx_word' id='word_1_258' title='bbox 394 3394 544 3454; x_wconf 76' lang='lat' dir='ltr'>hordeum,</span> <span class='ocrx_word' id='word_1_259' title='bbox 569 3393 683 3445; x_wconf 75' lang='lat' dir='ltr'>cottidie</span> <span class='ocrx_word' id='word_1_260' title='bbox 702 3394 866 3446; x_wconf 76' lang='lat' dir='ltr'>adicientem</span> <span class='ocrx_word' id='word_1_261' title='bbox 884 3394 1040 3446; x_wconf 79' lang='lat' dir='ltr'>minutatim</span> <span class='ocrx_word' id='word_1_262' title='bbox 1058 3390 1163 3460; x_wconf 73' lang='lat' dir='ltr'>(dociov</span> 
     </span>
     <span class='ocr_line' id='line_1_30' title="bbox 131 3497 1161 3569; baseline 0.003 -17"><span class='ocrx_word' id='word_1_263' title='bbox 131 3526 168 3538; x_wconf 90' lang='lat'>·-</span> <span class='ocrx_word' id='word_1_264' title='bbox 191 3498 403 3567; x_wconf 68' lang='grc' dir='ltr'><strong>προστιθέντα),</strong></span> <span class='ocrx_word' id='word_1_265' title='bbox 437 3503 469 3551; x_wconf 88' lang='lat' dir='ltr'>ut</span> <span class='ocrx_word' id='word_1_266' title='bbox 494 3497 684 3551; x_wconf 82' lang='lat' dir='ltr'>Schneidorne</span> <span class='ocrx_word' id='word_1_267' title='bbox 710 3498 815 3565; x_wconf 81' lang='lat' dir='ltr'>edidit3</span> <span class='ocrx_word' id='word_1_268' title='bbox 854 3515 929 3569; x_wconf 74' lang='lat' dir='ltr'>egre</span> <span class='ocrx_word' id='word_1_269' title='bbox 955 3501 1052 3554; x_wconf 81' lang='lat' dir='ltr'>tomen</span> <span class='ocrx_word' id='word_1_270' title='bbox 1078 3516 1161 3556; x_wconf 82' lang='lat' dir='ltr'>cereo</span> 
     </span>
     <span class='ocr_line' id='line_1_31' title="bbox 133 3598 638 3666; baseline -0.002 -11"><span class='ocrx_word' id='word_1_271' title='bbox 133 3601 243 3655; x_wconf 76' lang='lat' dir='ltr'>Uictori</span> <span class='ocrx_word' id='word_1_272' title='bbox 263 3601 404 3655; x_wconf 77' lang='lat' dir='ltr'>librorum</span> <span class='ocrx_word' id='word_1_273' title='bbox 422 3598 638 3666; x_wconf 83' lang='lat' dir='ltr'>teetimonium.)</span> 
     </span>
    </p>

    <p class='ocr_par' dir='ltr' id='par_1_16' title="bbox 63 3704 666 3777">
     <span class='ocr_line' id='line_1_32' title="bbox 63 3704 666 3777; baseline 0.002 -16"><span class='ocrx_word' id='word_1_274' title='bbox 63 3708 96 3761; x_wconf 88' lang='grc' dir='ltr'><strong>Ρ.</strong></span> <span class='ocrx_word' id='word_1_275' title='bbox 114 3705 166 3760; x_wconf 85' lang='grc'>321</span> <span class='ocrx_word' id='word_1_276' title='bbox 186 3713 243 3760; x_wconf 88' lang='lat' dir='ltr'>not.</span> <span class='ocrx_word' id='word_1_277' title='bbox 266 3722 294 3760; x_wconf 89' lang='grc' dir='ltr'>ιι.</span> <span class='ocrx_word' id='word_1_278' title='bbox 313 3704 371 3760; x_wconf 89' lang='lat' dir='ltr'>imo</span> <span class='ocrx_word' id='word_1_279' title='bbox 391 3724 442 3777; x_wconf 75' lang='lat' dir='ltr'>pro</span> <span class='ocrx_word' id='word_1_280' title='bbox 463 3706 536 3759; x_wconf 84' lang='lat' dir='ltr'>Huic</span> <span class='ocrx_word' id='word_1_281' title='bbox 555 3708 575 3764; x_wconf 90' lang='lat' dir='ltr'>i.</span> <span class='ocrx_word' id='word_1_282' title='bbox 591 3708 666 3762; x_wconf 78' lang='lat' dir='ltr'>-Hoo,</span> 
     </span>
    </p>

    <p class='ocr_par' dir='ltr' id='par_1_17' title="bbox 64 3809 735 3879">
     <span class='ocr_line' id='line_1_33' title="bbox 64 3809 735 3879; baseline -0.003 -14"><span class='ocrx_word' id='word_1_283' title='bbox 64 3812 97 3866; x_wconf 96' lang='grc' dir='ltr'><strong>Ρ.</strong></span> <span class='ocrx_word' id='word_1_284' title='bbox 116 3809 170 3863; x_wconf 82' lang='grc'>323</span> <span class='ocrx_word' id='word_1_285' title='bbox 189 3817 255 3864; x_wconf 78' lang='lat' dir='ltr'>text.</span> <span class='ocrx_word' id='word_1_286' title='bbox 271 3828 289 3863; x_wconf 92' lang='lat' dir='ltr'>n</span> <span class='ocrx_word' id='word_1_287' title='bbox 308 3810 323 3862; x_wconf 94' lang='lat' dir='ltr'>l</span> <span class='ocrx_word' id='word_1_288' title='bbox 344 3829 395 3879; x_wconf 80' lang='lat' dir='ltr'>pro</span> <span class='ocrx_word' id='word_1_289' title='bbox 415 3810 536 3864; x_wconf 79' lang='lat' dir='ltr'>dirideot</span> <span class='ocrx_word' id='word_1_290' title='bbox 555 3813 574 3863; x_wconf 88' lang='grc' dir='ltr'><strong>Ι.</strong></span> <span class='ocrx_word' id='word_1_291' title='bbox 600 3812 735 3864; x_wconf 83' lang='lat' dir='ltr'>derident.</span> 
     </span>
    </p>

    <p class='ocr_par' dir='ltr' id='par_1_18' title="bbox 62 3912 995 3985">
     <span class='ocr_line' id='line_1_34' title="bbox 62 3912 995 3985; baseline -0.002 -16"><span class='ocrx_word' id='word_1_292' title='bbox 62 3917 96 3970; x_wconf 90' lang='grc' dir='ltr'><strong>Ρ.</strong></span> <span class='ocrx_word' id='word_1_293' title='bbox 113 3914 167 3968; x_wconf 88' lang='grc'>321</span> <span class='ocrx_word' id='word_1_294' title='bbox 186 3915 260 3982; x_wconf 90' lang='lat' dir='ltr'>(not.</span> <span class='ocrx_word' id='word_1_295' title='bbox 282 3930 310 3968; x_wconf 92' lang='grc' dir='ltr'>ιι.</span> <span class='ocrx_word' id='word_1_296' title='bbox 329 3915 386 3981; x_wconf 89' lang='grc'><strong>11.)</strong></span> <span class='ocrx_word' id='word_1_297' title='bbox 424 3914 594 3966; x_wconf 82' lang='lat' dir='ltr'>Monimento</span> <span class='ocrx_word' id='word_1_298' title='bbox 613 3915 674 3985; x_wconf 65' lang='lat' dir='ltr'>sp„</span> <span class='ocrx_word' id='word_1_299' title='bbox 693 3915 767 3969; x_wconf 84' lang='lat' dir='ltr'>Gnd.</span> <span class='ocrx_word' id='word_1_300' title='bbox 783 3913 810 3980; x_wconf 83' lang='grc'>2,</span> <span class='ocrx_word' id='word_1_301' title='bbox 830 3919 901 3968; x_wconf 86' lang='lat' dir='ltr'>teote</span> <span class='ocrx_word' id='word_1_302' title='bbox 915 3912 995 3967; x_wconf 70' lang='lat' dir='ltr'>Gaio.</span> 
     </span>
    </p>

    <p class='ocr_par' dir='ltr' id='par_1_19' title="bbox 62 4017 1163 4507">
     <span class='ocr_line' id='line_1_35' title="bbox 62 4017 1163 4091; baseline 0.001 -17"><span class='ocrx_word' id='word_1_303' title='bbox 62 4021 95 4074; x_wconf 89' lang='grc' dir='ltr'><strong>Ρ.</strong></span> <span class='ocrx_word' id='word_1_304' title='bbox 117 4017 172 4073; x_wconf 82' lang='grc'>323</span> <span class='ocrx_word' id='word_1_305' title='bbox 190 4019 242 4091; x_wconf 82' lang='lat' dir='ltr'>(nd</span> <span class='ocrx_word' id='word_1_306' title='bbox 261 4024 329 4072; x_wconf 80' lang='lat' dir='ltr'>text.</span> <span class='ocrx_word' id='word_1_307' title='bbox 359 4034 386 4071; x_wconf 87' lang='grc' dir='ltr'>ιι.</span> <span class='ocrx_word' id='word_1_308' title='bbox 413 4024 571 4071; x_wconf 79' lang='lat' dir='ltr'>extremum</span> <span class='ocrx_word' id='word_1_309' title='bbox 597 4025 626 4072; x_wconf 91' lang='lat' dir='ltr'>et</span> <span class='ocrx_word' id='word_1_310' title='bbox 653 4018 727 4087; x_wconf 90' lang='lat' dir='ltr'>not.)</span> <span class='ocrx_word' id='word_1_311' title='bbox 787 4020 829 4072; x_wconf 78' lang='lat' dir='ltr'>Ex</span> <span class='ocrx_word' id='word_1_312' title='bbox 854 4018 1037 4089; x_wconf 75' lang='lat' dir='ltr'>Eniengcoeie</span> <span class='ocrx_word' id='word_1_313' title='bbox 1060 4023 1163 4076; x_wconf 80' lang='lat' dir='ltr'>rodirie</span> 
     </span>
     <span class='ocr_line' id='line_1_36' title="bbox 131 4120 1162 4197; baseline 0.002 -20"><span class='ocrx_word' id='word_1_314' title='bbox 131 4123 274 4193; x_wconf 81' lang='lat' dir='ltr'>ecripturo</span> <span class='ocrx_word' id='word_1_315' title='bbox 293 4127 386 4193; x_wconf 78' lang='lat' dir='ltr'>potent</span> <span class='ocrx_word' id='word_1_316' title='bbox 404 4120 504 4175; x_wconf 77' lang='lat' dir='ltr'>ecfirir</span> <span class='ocrx_word' id='word_1_317' title='bbox 543 4123 591 4197; x_wconf 80' lang='lat' dir='ltr'>qni</span> <span class='ocrx_word' id='word_1_318' title='bbox 608 4121 638 4175; x_wconf 87' lang='lat' dir='ltr'>id</span> <span class='ocrx_word' id='word_1_319' title='bbox 652 4123 770 4190; x_wconf 77' lang='lat' dir='ltr'>probari</span> <span class='ocrx_word' id='word_1_320' title='bbox 784 4129 895 4190; x_wconf 72' lang='lat' dir='ltr'>potest,</span> <span class='ocrx_word' id='word_1_321' title='bbox 925 4130 957 4176; x_wconf 87' lang='lat' dir='ltr'>ot</span> <span class='ocrx_word' id='word_1_322' title='bbox 975 4123 1048 4189; x_wconf 69' lang='lat' dir='ltr'>dre..</span> <span class='ocrx_word' id='word_1_323' title='bbox 1083 4132 1114 4177; x_wconf 91' lang='lat' dir='ltr'>ut</span> <span class='ocrx_word' id='word_1_324' title='bbox 1133 4126 1162 4180; x_wconf 90' lang='lat' dir='ltr'>id</span> 
     </span>
     <span class='ocr_line' id='line_1_37' title="bbox 135 4224 1160 4298; baseline 0.001 -17"><span class='ocrx_word' id='word_1_325' title='bbox 135 4228 170 4282; x_wconf 92' lang='lat' dir='ltr'>nd</span> <span class='ocrx_word' id='word_1_326' title='bbox 197 4224 326 4298; x_wconf 77' lang='lat' dir='ltr'>reperior</span> <span class='ocrx_word' id='word_1_327' title='bbox 353 4227 514 4291; x_wconf 78' lang='lat' dir='ltr'>roderetur,</span> <span class='ocrx_word' id='word_1_328' title='bbox 551 4243 603 4297; x_wconf 79' lang='lat' dir='ltr'>per</span> <span class='ocrx_word' id='word_1_329' title='bbox 638 4232 670 4279; x_wconf 88' lang='lat' dir='ltr'>ot</span> <span class='ocrx_word' id='word_1_330' title='bbox 705 4224 856 4296; x_wconf 76' lang='lat' dir='ltr'>explicetio</span> <span class='ocrx_word' id='word_1_331' title='bbox 886 4226 1075 4298; x_wconf 69' lang='lat' dir='ltr'>adiungetur,</span> <span class='ocrx_word' id='word_1_332' title='bbox 1111 4244 1160 4282; x_wconf 76' lang='lat' dir='ltr'>ee·</span> 
     </span>
     <span class='ocr_line' id='line_1_38' title="bbox 135 4329 1162 4403; baseline 0.002 -19"><span class='ocrx_word' id='word_1_333' title='bbox 135 4332 254 4402; x_wconf 77' lang='lat' dir='ltr'>demone</span> <span class='ocrx_word' id='word_1_334' title='bbox 271 4331 308 4386; x_wconf 86' lang='lat' dir='ltr'>eit</span> <span class='ocrx_word' id='word_1_335' title='bbox 326 4330 411 4388; x_wconf 82' lang='lat' dir='ltr'>hoino</span> <span class='ocrx_word' id='word_1_336' title='bbox 430 4329 487 4386; x_wconf 89' lang='lat' dir='ltr'>loci</span> <span class='ocrx_word' id='word_1_337' title='bbox 505 4329 579 4386; x_wconf 76' lang='lat' dir='ltr'>retio</span> <span class='ocrx_word' id='word_1_338' title='bbox 604 4335 690 4402; x_wconf 83' lang='lat' dir='ltr'>etque</span> <span class='ocrx_word' id='word_1_339' title='bbox 709 4329 758 4385; x_wconf 81' lang='lat' dir='ltr'>tit.</span> <span class='ocrx_word' id='word_1_340' title='bbox 777 4331 818 4385; x_wconf 85' lang='lat' dir='ltr'>ili</span> <span class='ocrx_word' id='word_1_341' title='bbox 828 4368 837 4394; x_wconf 90' lang='lat'><em>,</em></span> <span class='ocrx_word' id='word_1_342' title='bbox 881 4329 933 4395; x_wconf 87' lang='grc'>13,</span> <span class='ocrx_word' id='word_1_343' title='bbox 970 4331 1005 4384; x_wconf 88' lang='lat' dir='ltr'>de</span> <span class='ocrx_word' id='word_1_344' title='bbox 1030 4350 1086 4403; x_wconf 87' lang='lat' dir='ltr'>quo</span> <span class='ocrx_word' id='word_1_345' title='bbox 1106 4331 1162 4388; x_wconf 79' lang='lat' dir='ltr'>dixi</span> 
     </span>
     <span class='ocr_line' id='line_1_39' title="bbox 134 4433 1027 4507; baseline 0 -18"><span class='ocrx_word' id='word_1_346' title='bbox 134 4436 171 4490; x_wconf 82' lang='lat' dir='ltr'>od</span> <span class='ocrx_word' id='word_1_347' title='bbox 189 4437 226 4502; x_wconf 87' lang='grc'>11,</span> <span class='ocrx_word' id='word_1_348' title='bbox 243 4436 269 4491; x_wconf 83' lang='grc'>3.</span> <span class='ocrx_word' id='word_1_349' title='bbox 307 4437 340 4491; x_wconf 85' lang='grc' dir='ltr'>Ιιι</span> <span class='ocrx_word' id='word_1_350' title='bbox 359 4442 416 4492; x_wconf 84' lang='lat' dir='ltr'>not.</span> <span class='ocrx_word' id='word_1_351' title='bbox 437 4452 465 4490; x_wconf 86' lang='grc' dir='ltr'>ιι.</span> <span class='ocrx_word' id='word_1_352' title='bbox 483 4434 501 4491; x_wconf 84' lang='grc'><strong>3</strong></span> <span class='ocrx_word' id='word_1_353' title='bbox 519 4436 577 4506; x_wconf 70' lang='lat' dir='ltr'>leg.</span> <span class='ocrx_word' id='word_1_354' title='bbox 598 4435 627 4490; x_wconf 80' lang='lat' dir='ltr'>ie</span> <span class='ocrx_word' id='word_1_355' title='bbox 639 4451 671 4491; x_wconf 85' lang='lat' dir='ltr'>co</span> <span class='ocrx_word' id='word_1_356' title='bbox 688 4441 782 4504; x_wconf 69' lang='lat' dir='ltr'>pereto</span> <span class='ocrx_word' id='word_1_357' title='bbox 798 4435 866 4507; x_wconf 76' lang='lat' dir='ltr'>(pro</span> <span class='ocrx_word' id='word_1_358' title='bbox 883 4433 1027 4505; x_wconf 69' lang='lat' dir='ltr'>persisto).</span> 
     </span>
    </p>
   </div>
   <div class='ocr_carea' id='block_1_7' title="bbox 0 0 1366 5018">
    <p class='ocr_par' dir='ltr' id='par_1_20' title="bbox 0 0 1366 5018">
     <span class='ocr_line' id='line_1_40' title="bbox 0 0 1366 5018; baseline 0 0"><span class='ocrx_word' id='word_1_359' title='bbox 0 0 1366 5018; x_wconf 95' lang='lat' dir='ltr'> </span> 
     </span>
    </p>
   </div>
  </div>
 </body>
</html>
