2706 5018
358 368 417 435 ΕΤ
439 368 548 437 MAL.
572 368 656 437 LlB.
679 370 727 438 lv
751 369 846 437 CAP.
868 375 900 434 2.
1109 372 1174 435 teo

108 578 156 625 tre
181 576 297 643 natos,
338 578 373 627 ut
398 580 430 629 et
452 569 666 631 communiter
689 567 730 632 ad
753 588 810 630 eas
834 568 972 629 uirtutes
994 567 1062 651 apti
1084 586 1172 629 esse·

108 808 168 864 ,ιιιιι
188 814 278 867 requie
307 799 391 853 Plato
416 817 508 870 neque
534 801 699 855 Aristoteles
725 798 781 872 ipsi
804 797 845 853 ito
869 795 1038 867 descriptum
1063 800 1172 854 trebue-

108 894 167 952 nrt,
204 888 256 940 etsi
275 889 305 941 id
330 891 473 946 interioris
501 891 590 947 etatis
618 892 770 962 scriptores
788 891 902 963 quidam
921 893 1037 945 tradunt
1055 898 1083 945 et
1111 893 1171 962 ipse

108 974 184 1032 Urere
209 981 295 1033 dead.
320 988 350 1049 t,
368 983 436 1051 19),
464 1002 497 1037 er
526 987 655 1040 homone
679 991 786 1038 natare
811 981 958 1035 elementis
983 988 1076 1036 ortam
1103 1000 1171 1037 esre.

110 1068 211 1141 Hyries
228 1077 323 1127 tamen
343 1081 371 1128 et
392 1075 543 1129 dialectice
562 1075 701 1147 originem
723 1075 902 1146 perbreuiter
931 1081 959 1126 et
986 1075 1173 1127 communiter

110 1158 253 1231 significante
278 1165 394 1233 (trabere
418 1168 500 1219 etiam
524 1168 634 1220 inritent
658 1168 794 1247 petendam
822 1167 1001 1235 cupiditatem
1027 1163 1172 1233 seientia),

112 1266 203 1325 unque
223 1256 461 1326 significationem
479 1261 603 1312 mediam
622 1258 791 1329 interposuit
809 1259 883 1312 inter
902 1275 952 1322 ee,
977 1277 1036 1329 qua
1056 1259 1090 1311 ad
1112 1276 1174 1311 mo-

110 1344 176 1399 ntem
193 1356 302 1417 partem
323 1349 481 1418 pertinent;
509 1368 543 1405 eo
561 1352 636 1404 enim
657 1350 820 1405 societatem
839 1349 951 1423 generis
970 1351 1088 1403 humaui
1106 1369 1174 1404 eon·

110 1434 225 1503 plectitur.
262 1440 389 1495 Uirtutes
410 1448 505 1495 autem
526 1448 676 1513 postquam
695 1445 765 1498 duas
786 1442 961 1506 nominauit,
990 1442 1127 1498 iustitiam
1145 1452 1174 1499 et

109 1530 322 1601 imperantium,
360 1532 439 1586 addit
463 1536 710 1589 octoteuchum
733 1537 846 1605 generis
873 1535 926 1603 (sie
945 1554 996 1605 pro
1015 1544 1174 1606 ceterosque

108 1617 274 1679 temerino
293 1641 309 1677 e
332 1622 425 1695 spis,
444 1626 496 1681 etr.
517 1625 554 1679 85
574 1634 603 1679 et
619 1629 652 1690 V,
675 1627 743 1693 lt),
762 1644 832 1697 quas
851 1628 978 1697 procliue
996 1636 1022 1682 st
1039 1629 1109 1682 dum
1127 1646 1173 1682 re·

108 1708 174 1769 fisum
189 1735 205 1769 e
222 1723 360 1790 quattuor
378 1717 537 1789 primariis,
563 1716 741 1789 prudentium
760 1719 789 1770 et
806 1718 1021 1784 tortitudinem,
1059 1721 1173 1773 intelte-

108 1820 172 1871 μη,
199 1816 228 1861 ut
246 1806 333 1862 Gaius
352 1809 430 1864 tecit.
472 1811 593 1863 Uidetur
610 1818 705 1863 tomen
726 1809 795 1863 mihi
814 1810 892 1863 alind
912 1810 1018 1880 aliquid
1038 1811 1173 1864 hocloco

108 1898 270 1953 obuersatum
307 1901 401 1953 animo
435 1902 579 1955 Ciceronis
612 1918 680 1954 esse.
733 1904 805 1956 Nam
832 1902 954 1956 scientie
980 1901 1174 1970 cupiditatem,

108 2004 151 2057 tae
165 2010 180 2045 e
196 1991 343 2063 prudentia
364 2009 419 2044 aon
438 1993 525 2045 tacite
550 1999 717 2062 separatur,
751 2001 849 2063 posteo
877 2001 1071 2048 conmemorat
1090 2001 1117 2047 et
1135 1995 1171 2048 ab

108 2079 140 2137 tis
152 2083 297 2139 uirtutibus
312 2083 466 2137 eeianctam
486 2087 694 2156 quodammodo
707 2083 734 2139 in
755 2088 846 2140 altera
865 2092 947 2156 parte
965 2086 1061 2156 ponit;
1082 2086 1173 2139 idem-

108 2188 148 2241 que
163 2177 226 2231 tacit
245 2176 319 2246 518,
338 2184 378 2240 ut,
398 2176 565 2230 tortitudine
585 2187 669 2231 anteo
689 2178 752 2245 (17)
773 2179 943 2251 significato,
960 2182 1107 2248 tamquam
1126 2195 1174 2231 er·

108 2264 274 2332 trrroetnm,
293 2287 406 2321 omnem
425 2270 621 2333 honestatem,
642 2287 701 2338 qua
720 2287 736 2321 o
757 2271 901 2341 principiis
919 2279 1026 2324 notura:
1044 2272 1173 2336 ducetur,

108 2356 214 2415 thotuat
238 2360 343 2432 partim
371 2361 608 2431 contemplatione
633 2379 730 2414 rerum
757 2366 934 2417 occultorum
963 2366 992 2415 et
1018 2363 1173 2416 disserendi

108 2452 253 2521 apiditete,
279 2453 404 2524 partim,
439 2463 469 2507 ut
488 2453 551 2518 hie,
571 2453 675 2507 iustitia
694 2461 722 2506 et
738 2454 936 2524 temperentia.
989 2455 1174 2525 Perspicuum

109 2542 161 2597 nihi
178 2544 303 2608 uidetur,
328 2550 448 2612 utroque
470 2546 533 2599 loco
556 2544 714 2598 Aristotelis
734 2552 762 2598 et
781 2548 1036 2617 Peripateticorum
1057 2549 1173 2600 diuisio-

109 2632 212 2707 Ιητῆσ
231 2634 396 2703 dracontario
413 2643 458 2690 uei
475 2635 522 2706 τῆς
539 2631 641 2706 ἠθικῆς
667 2633 761 2709 ἀρετῆς
784 2639 957 2706 significari,
993 2640 1027 2689 de
1053 2637 1174 2708 qualite

110 2714 160 2781 isto
174 2730 225 2783 erit
237 2737 369 2799 agentem
383 2730 588 2783 demonstrasse
600 2728 744 2781 Ritterum
764 2727 792 2780 in
810 2728 884 2781 ltist.
897 2726 1004 2780 l'hitos.
1018 2733 1058 2779 111
1077 2747 1103 2796 p.
1121 2727 1174 2779 3⁰2

109 2830 140 2889 η·
154 2824 178 2877 et
193 2824 226 2876 de
246 2821 445 2890 Peripateticis
464 2830 528 2891 post
548 2822 730 2875 Aristotelem
751 2821 893 2873 Stobaunr
912 2822 973 2873 Bet.
992 2820 1058 2871 Eth.
1075 2840 1101 2888 p.
1121 2818 1175 2873 216

111 2912 191 2969 ΜΖ.
227 2916 311 2987 Quod
331 2920 428 2967 autem
453 2912 565 2967 uirtutis
585 2912 682 2967 ethice
700 2914 769 2966 duras
787 2913 940 2984 precipuos
960 2911 1066 2981 species
1084 2908 1172 2981 ponit,

111 3012 156 3059 fl!
175 3006 230 3063 eiua
258 3004 444 3071 diuisionem,
481 3022 670 3076 quamquam,
708 3004 756 3079 qui
783 3006 879 3058 Graece
905 3021 968 3057 eom
1004 3003 1172 3072 exposuerit,

111 3104 149 3149 *a
162 3100 249 3155 babeo
272 3098 431 3163 nominare,
447 3097 579 3152 usitatam
599 3106 693 3151 tomen
713 3097 815 3161 tuisse,
851 3095 1034 3151 manifestum
1052 3103 1077 3149 st
1096 3114 1128 3149 ex
1147 3098 1175 3150 ΙΙ

111 3180 270 3259 ⁰218,uoi
289 3190 380 3245 omnis
399 3191 489 3244 tristes
503 3192 607 3244 dicitnr
627 3192 699 3244 rrerti
718 3196 768 3245 orit
787 3190 815 3243 iu
834 3189 1029 3259 perspiciendo
1050 3185 1176 3259 (drocon-

108 3278 223 3349 ¹¹disut
250 3286 280 3339 in
301 3281 391 3337 animi
413 3283 537 3336 motibus
556 3284 720 3337 cohibendis
744 3281 964 3351 (temperantia,
999 3283 1090 3335 altero
1109 3298 1175 3352 pars

108 3358 251 3447 'didonis
276 3374 382 3449 αἱρετῆς)
417 3382 467 3429 arrt
490 3375 518 3429 in
547 3376 709 3430 hominibus
731 3378 878 3430 moderate
905 3374 1015 3428 utendis
1044 3373 1174 3443 (iustitia,

108 3456 180 3523 “lm
199 3487 263 3539 pars
283 3464 330 3539 τῆς
354 3462 473 3539 ἠθικῆς).
528 3468 723 3523 obscurarunt
749 3487 813 3521 eum
839 3471 933 3535 locum
954 3468 1124 3538 Goeringius
1147 3474 1175 3522 et

108 3542 220 3627 ndreae,
248 3563 316 3615 dnm
336 3563 370 3615 ad
390 3559 478 3631 ipsius
497 3561 656 3615 Aristotelis
675 3566 798 3616 sormam
817 3562 1035 3615 adcommodare
1053 3562 1175 3625 student,

108 3646 147 3709 1ῑί
164 3656 237 3710 antia
266 3662 344 3707 certo
373 3654 472 3706 ethice
499 3651 615 3707 uirtutis
642 3655 796 3725 partitione
822 3654 926 3715 utitur;
964 3654 1054 3722 magis
1078 3660 1175 3705 tamea

108 3734 201 3799 “emt
216 3743 394 3801 Petersenius
411 3745 441 3799 in
459 3746 626 3816 Piritosoptr.
647 3747 798 3818 Ctrrpsipp.
816 3746 956 3800 Fundam.
971 3764 998 3815 p.
1020 3744 1090 3808 260,
1125 3762 1175 3796 ae·

108 3836 179 3903 1111,
194 3838 244 3893 illo
264 3841 328 3893 loco
345 3836 461 3893 uirtutis
480 3836 646 3892 diuisionem
667 3841 749 3893 tradi.
784 3840 891 3893 Eodem
911 3844 1049 3909 spectent,
1070 3854 1130 3904 qum
1148 3835 1176 3889 iu

110 3912 292 3987 ‘tuitionem
310 3932 403 3986 Oratt.
423 3932 437 3999 5
456 3931 493 3985 75
510 3939 538 3986 et
555 3933 591 3986 76
611 3933 778 3997 traduntur,
804 3932 857 3984 etsi
874 3930 914 3983 ibi
931 3928 1023 3983 rninos
1040 3929 1175 3981 admirato

112 4012 278 4089 tt‘testritio
295 4024 411 4080 nomine
435 4023 525 4077 onrnis
550 4024 640 4077 uirtus
659 4024 753 4077 ethica
778 4026 851 4093 (quse
874 4024 902 4075 in
920 4022 1028 4091 egendo
1050 4023 1090 4087 st)
1108 4039 1175 4074 cou-

114 4110 288 4183 retusam,
316 4117 459 4187 huiusque
477 4117 570 4169 attera
588 4113 695 4186 species
714 4115 844 4185 ponitur,
863 4133 922 4187 que
944 4116 978 4169 ad
998 4115 1069 4168 aiios
1088 4114 1176 4182 perti·

117 4204 167 4255 Μ
179 4210 205 4261 n
218 4208 247 4263 io
264 4208 463 4263 communione
482 4217 626 4272 demetur,
646 4207 762 4262 iustitio.
806 4208 977 4263 Huiusmodi
995 4206 1084 4277 igitur
1102 4204 1194 4259 diui·.

117 4282 200 4351 *fleu
214 4302 267 4357 hoe
284 4304 348 4357 loco
367 4299 512 4356 Ciceronis
530 4300 625 4355 animo
644 4302 825 4356 obuersatam
845 4320 906 4355 esso
924 4302 1018 4364 credo,
1036 4298 1085 4367 qui
1103 4303 1177 4349 eete-

121 4386 157 4431 Μ
169 4388 274 4451 datr·
290 4396 404 4467 generis
423 4412 479 4451 aon
499 4394 572 4451 atior
590 4393 758 4466 primarios,
782 4396 830 4449 red
852 4393 942 4465 partis
961 4397 988 4445 et
1005 4388 1111 4459 species
1130 4389 1176 4443 tris
