2706 5018
537 354 791 424 PRAEFATIO.
1135 372 1220 437 xm

124 563 209 605 urorc
230 542 514 627 conprehendit).
528 545 557 627 ¹)
605 543 669 608 ttta
693 546 756 607 ianr
780 542 941 626 foediora,
967 549 1052 632 quod
1077 572 1141 615 uon
1167 576 1220 619 sc·

127 648 175 710 bru
197 653 314 713 omnia
338 651 539 729 confundit,
581 663 617 713 ut
643 649 676 727 Ι,
718 652 761 712 80
784 672 856 735 qntc
889 650 989 715 uerba
1018 656 1051 718 in
1074 663 1219 742 optantis

125 754 277 819 codicibus
298 780 368 820 non
398 779 475 821 esse
497 756 640 821 scribere
664 754 824 834 debebat,
857 759 890 819 in
914 760 956 820 iis
977 780 1051 821 esse
1074 766 1217 849 scripsit,

126 864 150 922 in
169 865 290 926 cctcris
317 886 385 927 non
410 886 497 943 esse,
522 876 554 927 ct
569 862 667 950 quod,
692 884 763 948 quae
788 884 949 948 nusquam
971 866 1116 947 fuerunt,
1140 892 1217 935 con·

125 965 225 1044 finxit,
236 983 275 1032 ut
298 972 343 1034 ad
358 970 403 1049 ΙΙ,
425 974 444 1034 l
470 992 587 1056 morgan
611 990 708 1054 opere
731 971 837 1033 ornitti
863 972 894 1031 in
920 968 1025 1033 tribus
1048 974 1216 1041 codicibus

123 1073 318 1153 melioribus,
343 1089 377 1139 et
400 1077 441 1140 ud
465 1076 525 1155 Ill,
546 1080 584 1141 ll
602 1076 704 1162 uolgo
727 1075 793 1162 legi
819 1094 929 1161 qtccttru
953 1093 985 1139 et
1009 1079 1056 1141 itu
1080 1102 1154 1143 esse
1180 1086 1214 1147 in

124 1180 180 1242 bt.
201 1194 234 1243 et
261 1182 373 1267 Spin,
400 1184 487 1268 qnod
510 1204 614 1269 neque
639 1185 672 1245 in
695 1180 765 1245 ulla
787 1182 933 1245 editione
955 1205 1060 1268 neque
1086 1188 1119 1249 in
1144 1188 1214 1251 illis

124 1284 283 1350 codicibus
307 1290 465 1374 scripturn
491 1302 531 1353 st.
588 1289 654 1354 Sed
677 1287 736 1352 illa
760 1288 985 1367 foedissurua,
1026 1293 1059 1352 in
1084 1291 1214 1376 quibus,

125 1414 211 1475 qacnr
237 1391 279 1456 ab
300 1393 377 1457 aliis
400 1396 586 1460 admonitus
609 1408 717 1474 osset,
741 1408 777 1457 ut
801 1406 945 1473 caueret,
969 1408 1078 1458 tamen
1101 1411 1214 1482 aperte

127 1498 202 1563 falsa
223 1499 356 1577 scribit,
404 1514 439 1564 ut
461 1501 496 1579 l,
531 1504 593 1579 20,
618 1522 717 1585 quoru
739 1502 869 1586 qnidam
894 1501 992 1565 scribi
1018 1502 1213 1566 maluissent

126 1612 316 1687 geometrica
339 1607 436 1692 idque
459 1610 566 1694 ipsunt
588 1620 677 1671 esset
700 1610 731 1669 in
756 1606 976 1693 Erlangcnsi,
1005 1622 1113 1671 tauron
1140 1632 1213 1672 nur·

128 1726 184 1790 rat,
203 1734 283 1777 suos
304 1715 537 1778 ’'mordicitus‘’
562 1730 674 1777 tencre
693 1721 906 1798 geometriam
937 1715 1010 1797 (cir.
1033 1713 1070 1794 1,
1107 1718 1150 1777 at
1171 1715 1211 1779 dc

128 1826 214 1901 utque
232 1819 427 1900 turbentur,
449 1820 485 1898 1,
506 1824 549 1883 tu
572 1821 774 1902 assiduitas).
822 1820 875 1884 Ad
900 1819 927 1897 1,
950 1822 993 1883 39
1015 1842 1113 1904 qnorn
1138 1823 1209 1905 ipsc

130 1939 284 1989 narrasset
308 1928 341 1989 in
368 1926 439 1990 Pal.
460 1931 479 1989 1
504 1949 593 1991 esse:
616 1947 676 1990 orec
697 1927 768 1990 rolla
784 1948 850 2011 pru·
872 1933 1053 2007 terrenitate,
1077 1929 1110 1990 in
1128 1949 1212 1991 urar·

130 2032 194 2115 ginc
217 2030 309 2095 Crat.
332 2041 370 2096 at
392 2035 464 2097 ullu
479 2055 563 2118 pars
585 2039 775 2114 actoritate,
798 2046 830 2096 ct
851 2033 968 2098 Danisi
992 2036 1212 2098 coniecturum

131 2139 192 2203 iude
213 2154 325 2204 naturn
351 2153 646 2218 contncrnorassct,
669 2162 732 2203 non
758 2141 862 2219 uidit,
894 2144 927 2203 in
952 2140 1021 2204 Erl.
1044 2162 1117 2205 esso
1140 2164 1212 2226 pcr-

131 2248 247 2325 spicuc:
274 2254 313 2309 at
335 2248 406 2309 ullu
424 2267 507 2330 purr
529 2253 716 2326 terrenitate,
759 2249 816 2311 scd
842 2260 967 2311 tanturn
990 2257 1026 2311 at
1047 2248 1117 2311 tolla
1138 2270 1213 2332 pro-

131 2352 202 2415 tulit.
249 2353 302 2417 :id
328 2352 461 2431 tt,1:t‚
509 2375 606 2438 quorn
629 2353 788 2418 Danisius
813 2376 877 2419 non
897 2367 986 2417 recte
1010 2354 1213 2432 credidisset,

130 2459 299 2522 addendum
322 2481 395 2523 csse
419 2450 558 2543 uidcor}
587 2473 660 2545 post
686 2460 814 2538 Groece,
861 2459 1065 2524 Goerenzius
1087 2462 1120 2521 in
1144 2459 1211 2521 Eri.

130 2577 153 2625 rt
179 2566 265 2646 Spir.
306 2567 337 2628 id
380 2562 577 2629 uocabulum
613 2567 742 2630 Latinis
783 2566 904 2632 litteris
937 2570 1091 2650 scripturn
1127 2588 1213 2643 esse,

128 2671 214 2754 plane
228 2673 419 2735 somniauit.
463 2671 585 2736 Eadern
606 2677 822 2760 peruersitate
842 2673 886 2752 ll,
909 2676 953 2735 ²4
976 2696 1051 2749 non,
1075 2689 1110 2736 ut
1128 2671 1213 2735 Grn-

128 2792 207 2842 terus
231 2793 264 2841 et
288 2778 448 2841 Dauisius
468 2777 631 2857 fecerant,
657 2792 742 2842 tacet
764 2781 805 2843 de
830 2785 984 2864 cognito,
1029 2779 1113 2862 quod
1137 2789 1212 2861 post

127 2892 155 2948 iu
175 2908 237 2971 qno
261 2886 391 2949 codices
414 2882 556 2961 addunt,
600 2885 657 2948 scd
681 2886 779 2948 ”suos
811 2884 843 2946 id
870 2885 1043 2969 ignorare*
1072 2884 1214 2967 scripsit,

126 3014 215 3076 qutun
237 2995 271 3055 iu
297 2989 490 3055 melioribus
511 2991 635 3069 tuisse,
661 2990 879 3076 Erlangcnsis
896 2990 1063 3066 ostendat,
1103 2990 1136 3051 in
1159 2987 1214 3050 dc·
1302 3048 1310 3064 ,

125 3096 308 3176 terioribus,
331 3118 477 3161 tueorurn
491 3110 524 3159 et
546 3096 790 3160 Oxoniensituu
805 3117 994 3160 cousensus.
1039 3095 1107 3159 lant
1130 3094 1214 3158 illud

127 3206 216 3291 quale
230 3206 367 3281 dicatu,
413 3203 498 3287 quod
524 3200 578 3281 ll,
600 3207 660 3282 77,
696 3225 792 3288 quoru
817 3204 977 3268 Gruterus
1004 3225 1022 3267 e
1047 3200 1117 3266 Pal.
1139 3205 1158 3265 1
1181 3215 1214 3265 ct

127 3308 447 3397 Scalig.protulissct
454 3306 661 3392 profitenda,
686 3310 783 3395 idque
801 3309 960 3374 Dauisius
975 3309 1147 3395 probasset
1158 3309 1215 3372 ad·

126 3418 187 3483 dito
204 3417 384 3482 Elicnsisl
408 3416 450 3497 (si
468 3414 564 3478 ruodo
577 3417 666 3499 prior
687 3415 762 3499 fuit)
787 3419 987 3492 testimonio,
1010 3414 1216 3480 Goerenzius

127 3526 217 3590 audet
237 3522 385 3589 scriberc
404 3521 530 3605 ”nequo
554 3519 733 3587 Gruterum
757 3525 928 3608 quicquam
952 3523 994 3585 de
1016 3520 1087 3585 Pol.
1108 3524 1127 3583 1
1148 3541 1216 3583 rno-

127 3652 197 3697 nere
219 3652 280 3696 nec
300 3650 380 3695 snos
405 3626 484 3693 illoc
505 3625 602 3692 binos
629 3650 647 3692 c
672 3626 807 3715 uolgata
838 3627 1048 3693 discederet”
1091 3628 1133 3690 Et
1157 3626 1216 3690 be·

127 3734 215 3802 bebct
240 3736 397 3801 omnibns
420 3733 542 3800 littoris
574 3736 790 3820 perscriptum
822 3738 858 3799 in
889 3737 979 3799 ’'suis
1009 3732 1077 3797 illis
1109 3730 1215 3796 binis”

124 3842 319 3925 profitenda.
392 3840 583 3927 Eademque
612 3840 806 3925 inpudentia
828 3840 897 3919 ttt,
938 3844 983 3905 58
1005 3840 1137 3903 ’'mirari
1159 3839 1215 3901 se'’

126 3950 214 4032 dicit,
255 3954 305 4017 ”si
332 3970 415 4015 ucre
442 3949 476 4010 in
506 3946 619 4011 Publ
648 3944 810 4011 Gruterus
842 3947 963 4034 legerit
995 3945 1057 4009 doc
1085 3949 1216 4029 porit03

144 4201 169 4269 Ι)
185 4200 276 4272 01η
294 4194 397 4255 ιιιιιΙιι
414 4192 448 4245 in
463 4188 519 4245 luc
534 4198 616 4265 parte
630 4191 762 4247 omiserit
779 4196 810 4245 ct
827 4188 961 4253 tacuerit,
979 4206 1013 4243 er
1031 4184 1216 4241 adnotatione

179 4314 236 4355 tm
254 4284 397 4373 perspici
421 4290 528 4357 potest.
