2730 5016
126 345 188 405 162
476 335 537 402 DE
559 333 736 403 FlNIBUS
759 332 862 402 BON.

129 538 239 612 aiunt,
284 555 344 596 nce
376 533 578 597 occidentem
611 552 764 618 umquam
787 533 932 596 uiderint
956 553 1017 618 uec
1038 533 1194 597 orientem
1251 591 1254 600 .

95 645 184 728 =qui
208 642 405 722 consumptis
429 641 633 725 patrimoniis
650 653 781 727 egeant.
822 636 929 704 Neruo
954 651 1102 703 nostrum
1123 641 1254 708 istius

129 749 261 833 generis
280 759 391 811 asotos
414 747 553 809 iucunde
578 759 670 832 putat
691 747 817 809 uiuere.
864 743 1021 826 Mundos,
1044 744 1254 833 elegantia,

182 914 250 958 trtius
264 937 291 948 -
303 912 437 967 uenatione)
451 912 513 958 Noa.
527 924 550 970 p.
564 911 612 956 ur.
668 909 795 968 elegantia)
814 912 932 971 eligentis
948 911 991 960 aa
1004 914 1041 967 (-
1054 918 1093 958 tec
1106 912 1144 966 bl)
1156 910 1251 959 dett.

129 990 245 1048 gentico

197 1140 230 1187 at
247 1134 339 1203 attint)
364 1133 521 1188 Dicebatur
545 1132 620 1188 enim
636 1134 692 1187 boe
708 1133 796 1205 uolgo
815 1131 845 1187 in
863 1131 909 1197 iis,
928 1131 976 1205 qui
994 1133 1122 1189 omnium
1138 1131 1246 1188 obliti

129 1232 158 1281 et
176 1227 311 1297 temporit
327 1227 462 1281 incuriosi
477 1225 562 1291 uino,
581 1226 681 1297 epulis,
700 1225 875 1280 lubidinibus
893 1243 923 1280 se
941 1227 1095 1281 traderent.
1114 1225 1244 1298 uuani-

129 1320 186 1375 aiua
203 1321 271 1374 citat
289 1317 415 1374 Athenaei
435 1319 485 1376 lib.
504 1319 542 1371 vt
559 1338 587 1389 p.
608 1317 661 1373 278
682 1318 705 1371 0
723 1319 769 1382 (de
787 1317 968 1389 Sinindyride
989 1317 1143 1390 Sybarita,
1161 1317 1244 1390 qui,

129 1430 215 1483 quom
234 1413 379 1465 fortunam
396 1427 476 1465 suam
498 1408 634 1475 iactaret,
671 1409 747 1463 intra
764 1409 867 1482 uiginti
894 1429 981 1466 annos
1007 1430 1037 1466 se
1063 1413 1152 1467 solem
1168 1414 1244 1465 tut

129 1504 269 1558 orientem
290 1509 339 1557 aut
355 1501 529 1557 occidentem
546 1501 651 1556 uidisse
668 1500 814 1572 negauit),
853 1504 911 1558 Xll
939 1503 993 1558 626
1019 1506 1042 1558 Δ
1069 1511 1097 1558 et
1116 1502 1168 1558 626
1193 1503 1244 1564 Β,

130 1604 190 1649 tum
211 1612 226 1646 e
245 1594 352 1649 Latinis
373 1595 509 1649 catonem
527 1595 667 1649 Maiorem
685 1597 761 1666 apud
779 1596 879 1653 Seuer.
898 1597 988 1667 Epist.
1006 1595 1059 1650 122
1069 1601 1097 1650 et
1109 1595 1243 1649 cotan.

128 1688 242 1759 Ipral.
260 1688 273 1756 ᾗ
290 1687 335 1741 16.

199 1779 337 1844 Mrtndor,
365 1778 503 1848 elegantis
521 1776 589 1845 dae.)
610 1776 684 1832 Mire
703 1780 792 1850 uolgo
811 1780 841 1833 et
859 1795 924 1833 oum
942 1779 1088 1835 sententie
1105 1777 1243 1835 interita

128 1871 170 1926 sic
185 1872 245 1925 bac
263 1872 548 1943 interpungebantur,
566 1877 599 1925 ut
615 1869 739 1941 primum
758 1872 819 1924 brec
836 1872 1013 1926 adhererent
1030 1874 1241 1942 superioribus

129 1965 249 2033 (rainere,
267 1965 403 2032 intendes),
423 1964 553 2034 adposita
571 1964 613 2027 (ut
631 1961 812 2034 grammatici
831 1965 976 2030 locuntur)
997 1963 1056 2020 illis
1074 1966 1155 2018 letias
1170 1977 1238 2034 gt·

128 2058 206 2110 neris
224 2063 327 2117 asotos,
346 2072 434 2125 usque
456 2056 491 2108 ad
511 2057 667 2124 aedificium.
703 2057 746 2110 lix
766 2073 821 2125 quo
841 2057 979 2120 colicitat,
997 2063 1030 2111 ut
1048 2058 1234 2112 walandu-

128 2151 178 2202 tur
196 2146 224 2201 in
243 2166 332 2202 unum
352 2147 407 2200 duo
424 2163 531 2216 genera
552 2146 773 2211 luxuriosorum,
793 2166 853 2219 qua
872 2150 972 2203 Cicero
984 2146 1140 2220 diligenter
1156 2160 1229 2202 con·

128 2239 220 2294 traria
238 2239 348 2311 poenit,
369 2241 493 2293 alterum
512 2256 629 2307 eorum,
650 2257 721 2313 quos
737 2238 872 2312 Epicurei
889 2243 999 2312 tingere
1016 2243 1157 2308 solebant,
1172 2253 1224 2312 po·

129 2332 234 2386 eadum
254 2332 313 2387 ritu
331 2331 472 2399 uiuentis,
498 2334 758 2396 odoramentum,
798 2352 867 2404 quos
886 2335 987 2388 Cicero
1008 2334 1080 2405 tingi
1096 2335 1217 2395 uolebat,

129 2443 195 2480 oum
214 2423 358 2496 elegantia
385 2427 509 2496 quadarn
535 2427 564 2479 et
590 2427 741 2496 prudentia
766 2424 841 2479 inter
868 2445 934 2496 opes
963 2428 1117 2487 adfluentis
1139 2427 1213 2482 nola·

129 2520 241 2588 ptatem
260 2517 410 2584 sectantis,
437 2520 530 2591 qualis
548 2518 606 2573 tuit
623 2519 750 2573 Tborius
769 2520 878 2573 Balbus
896 2517 985 2586 (intra
1004 2520 1017 2587 5
1036 2518 1094 2585 63).
1131 2521 1210 2591 dtqat

129 2610 231 2662 eadem
252 2611 307 2664 duo
325 2628 433 2681 genera
454 2629 568 2681 prorsus
595 2612 684 2666 simili
707 2614 792 2666 modo
817 2611 965 2683 distinguit
990 2613 1092 2666 Cicero
1121 2613 1150 2667 ia
1166 2611 1207 2667 its

129 2700 166 2756 66
192 2707 220 2755 et
243 2702 287 2758 67.
335 2703 443 2757 Deinde
466 2705 686 2759 adnectebatur:
724 2705 784 2759 Hor
810 2721 877 2773 ego
903 2712 997 2758 asotos
1029 2702 1100 2758 dene
1118 2704 1210 2779 paida·

128 2794 224 2848 itiitere
241 2795 306 2860 dre,
325 2813 386 2867 que
404 2795 445 2849 sic
462 2795 723 2866 positaneecssario
741 2795 817 2849 idcrn
834 2794 997 2868 significare
1016 2798 1132 2863 debeat,
1150 2796 1211 2870 quei

130 2886 167 2936 dc
185 2886 284 2940 iisdem
302 2888 465 2942 bominibus
484 2895 548 2942 ante
567 2886 684 2941 dixerit:
704 2889 822 2942 iactande
839 2892 934 2943 airam
951 2908 1028 2943 nemo
1044 2896 1138 2960 putat.
1171 2891 1213 2944 tt·

130 2976 178 3048 qui
197 2980 400 3034 diuersissuma
418 2982 478 3035 hae
495 2984 576 3047 sunt;
614 2981 735 3034 ineunda
754 2979 830 3034 enim
858 2982 996 3052 elegantia
1022 2983 1089 3037 illos
1115 2983 1215 3046 ninere,

130 3084 238 3139 negare
257 3071 356 3126 Cicero
376 3088 430 3125 non
449 3075 580 3142 poterat3
597 3079 626 3131 et
641 3077 804 3146 hocipsum
823 3075 956 3140 ostendit,
975 3092 1036 3129 esso
1058 3077 1217 3143 luxuriosos,

131 3160 181 3230 qui
205 3161 357 3218 iucundam
380 3163 470 3220 uitam
498 3166 598 3236 (quarn
625 3170 766 3240 Epicurus
788 3171 894 3223 bonam
920 3175 949 3221 et
972 3169 1088 3221 beatam
1119 3171 1218 3239 putat)

130 3252 199 3305 satis
217 3259 433 3325 consequantur,
452 3260 501 3312 sed
520 3267 615 3316 tamen
635 3280 681 3316 eos
700 3263 798 3316 abesse
816 3278 833 3314 a
851 3262 926 3314 bona
943 3265 972 3312 et
990 3261 1084 3315 beata.
1120 3263 1219 3317 Uerum

132 3341 341 3398 distinctionem
360 3348 446 3401 tacite
467 3357 529 3404 erat
549 3355 710 3420 restituere,
730 3371 816 3424 quom
833 3352 988 3423 prasertim
1007 3360 1086 3406 recta
1105 3352 1223 3425 scripta·

131 3449 166 3486 ra
184 3433 276 3502 (ergo)
288 3454 342 3489 non
359 3441 451 3492 solum
471 3440 500 3494 in
519 3450 635 3512 optumo
657 3446 729 3510 cod„
747 3447 795 3499 sed
816 3444 901 3499 etiam
921 3445 949 3498 in
967 3443 1061 3498 atinus
1078 3446 1161 3500 bonis
1177 3463 1223 3500 re-

131 3523 421 3595 periretur(meob1
447 3535 825 3603 clamationum,
861 3538 958 3604 011,
997 3536 1050 3590 Gai
1069 3539 1225 3595 euadat

131 3617 203 3677 Bas;
224 3619 258 3670 de
275 3620 336 3673 Erl.
355 3627 440 3689 tacet,
459 3643 495 3679 ne
514 3627 625 3683 dubites
645 3631 680 3683 de
696 3630 785 3700 Spin,
804 3629 890 3682 ceteri
909 3630 1031 3684 editores
1051 3629 1174 3704 turpiter
1189 3632 1227 3687 al·

131 3709 215 3776 lent).
255 3711 311 3765 Sed
331 3732 375 3768 res
394 3716 485 3771 minus
504 3720 648 3787 latuisset,
677 3720 731 3775 nisi
751 3720 849 3776 Cicero
870 3719 962 3775 studio
982 3722 1142 3779 insectandi
1159 3725 1227 3798 apt

132 3818 233 3856 curum
254 3805 411 3862 orationem
439 3813 538 3880 paullo
567 3813 687 3883 celerina
714 3813 880 3879 auertisset,
918 3832 979 3886 qne
1004 3821 1047 3871 sie
1072 3819 1229 3889 procedere

133 3894 228 3962 potius
246 3897 383 3953 debebutr
419 3903 540 3956 Mandat
557 3905 609 3960 dcc.
630 3933 664 3947 -·
684 3907 803 3960 lacerande
820 3907 914 3959 uitscre
933 3907 1012 3973 dico,
1041 3910 1089 3976 (ut
1109 3926 1144 3964 aa
1161 3909 1229 3980 apt·

133 3985 196 4039 curi
213 3990 353 4046 sententia
371 3995 540 4064 reprehendi
558 3997 747 4067 nonpossint,
787 4005 963 4069 cogaturque
980 3999 1004 4052 is
1023 4018 1125 4056 eorum
1143 4003 1229 4058 nolu·

133 4076 220 4148 ptatis
239 4088 328 4150 genus
344 4102 361 4138 a
379 4105 409 4140 so
428 4090 521 4158 expeti
540 4090 702 4157 confiteri),
722 4091 788 4143 addi
804 4098 934 4162 poterat:
954 4091 1020 4144 dene
1036 4095 1136 4148 itiitere
1149 4113 1230 4151 asin-

133 4187 214 4246 qaam
235 4175 356 4229 dicerint.
405 4179 461 4233 Sed
480 4183 552 4248 hoc,
571 4184 644 4254 quod
664 4183 757 4237 minus
775 4184 810 4236 ad
829 4200 890 4236 rem
909 4183 1087 4252 pertinebat,
1127 4186 1229 4243 (licere

133 4265 258 4337 adripuit
277 4273 421 4339 tamquam
438 4271 595 4344 principale
620 4281 648 4329 et
666 4275 694 4328 id
713 4283 877 4346 persecutus
897 4283 956 4341 est3
973 4278 1023 4330 sed
1042 4285 1141 4335 tamen
1162 4297 1231 4337 sett-

132 4357 221 4412 tentia
242 4361 366 4430 pellucet
385 4365 570 4427 eradicetis:
612 4368 803 4445 capriatae,
831 4367 932 4442 qtaibas
953 4368 1153 4442 significatur,
1179 4389 1230 4430 eoa
