2706 5018
289 374 346 441 ΕΤ
370 376 478 443 MAL.
502 376 585 443 LIB.
612 379 659 443 lV
683 378 779 444 CAl'.
804 383 831 442 1.
1034 382 1099 442 485

108 594 116 635 r
140 591 210 634 non
234 582 286 634 ert
306 571 404 636 facile
430 573 624 657 perdiscere.
659 573 747 638 Turn
766 572 834 651 itte,
854 572 927 634 din*
941 572 1095 635 tandenrl

108 702 118 761 ς
165 698 268 763 qnorn
291 699 353 763 ego
376 691 408 742 te
434 678 495 743 hec
525 702 612 744 nerra
643 679 718 767 iege
747 682 876 743 nideurn
906 677 1020 742 eodenr
1042 678 1094 743 die

108 785 181 848 tori
204 783 405 867 respondere
440 799 473 849 et
497 786 601 851 tribue
634 786 724 851 horis
757 808 932 870 perorare,
975 788 1009 849 in
1033 784 1094 851 hec

110 910 189 953 noea
214 902 343 974 ternpus
377 889 551 957 dilaturum
585 893 703 979 putaui
749 914 833 975 qnae
864 905 973 955 torneu
1009 914 1029 955 n
1061 906 1092 955 te

108 1016 200 1058 ·nou
225 994 362 1073 melior,
385 1018 482 1083 quoru
507 998 586 1063 illae
608 1014 696 1079 eunt,
719 1020 799 1085 qnae
822 998 985 1061 interdurn
1009 995 1093 1061 obti-

108 1097 222 1174 Qnure
247 1105 344 1167 istoru
360 1126 488 1189 qnoque
504 1105 699 1190 aggredere,
713 1118 886 1169 tractatam
900 1106 1090 1189 praesertim

114 1205 191 1269 aliis
215 1222 249 1271 et
272 1230 292 1272 n
315 1213 441 1294 teipso
465 1232 584 1293 saepe,
618 1225 653 1275 ut
677 1212 737 1277 tibi
761 1213 876 1276 deense
900 1232 963 1274 non
988 1211 1091 1296 possit

108 1389 181 1443 title,
194 1389 259 1444 Δία’)
273 1396 325 1435 turn
339 1391 384 1437 llle
400 1404 433 1438 nn
450 1393 470 1439 Β
484 1399 544 1440 tene
561 1395 631 1441 illurn
647 1394 709 1442 PCR
723 1401 785 1440 tune
800 1394 869 1439 illam
884 1393 903 1437 1.
944 1392 1029 1438 deense
1044 1405 1090 1436 uon

108 1466 253 1522 npdb

111 1640 206 1694 uerbir
225 1648 281 1696 inni
300 1646 465 1716 diligenter,
503 1648 530 1702 in
551 1648 712 1703 reuocando
732 1650 796 1717 pent
822 1647 1004 1717 parenthesin
1024 1663 1089 1700 orn·

108 1733 172 1787 tium
193 1742 248 1788 tnrn
276 1742 461 1808 repetendum
490 1739 602 1795 uidetur
625 1741 732 1805 inirre3
771 1738 896 1809 uiioqnin
916 1737 1089 1809 generaliter

108 1825 269 1892 euidenter,
310 1849 363 1884 non
383 1833 418 1887 de
439 1832 536 1887 Stoico
556 1833 714 1903 disciplina.
765 1833 827 1885 Non
848 1828 1015 1900 inprobandi
1035 1828 1088 1900 igi-

110 1936 162 1973 nur
183 1924 212 1973 et
231 1921 380 1989 nonnius,
417 1942 536 1993 quorum
559 1927 609 1980 illo
628 1927 677 1979 red
699 1931 789 1978 tnnren
808 1929 880 1988 tem,
899 1922 947 1975 iric
965 1924 1013 1975 red
1033 1929 1089 1975 turn

108 2012 170 2064 duur
189 2011 309 2082 putnuit.
366 2015 485 2069 litiumri
502 2035 553 2087 pro
581 2020 635 2071 etri
653 2036 685 2071 er
704 2017 768 2070 etiir
787 2014 929 2069 codicibus
948 2032 1002 2069 non
1023 2032 1088 2086 pro·

133 2105 183 2156 red
205 2105 260 2156 etri
284 2104 443 2176 significet,
480 2126 535 2163 non
556 2128 624 2164 nere
645 2110 794 2163 lnndntnrn
820 2123 880 2160 cren
899 2104 1087 2175 dirriplinum,

115 2202 226 2250 tentum
246 2197 362 2252 dnbirnn
392 2200 448 2253 hoc
478 2201 621 2272 relinquit.
680 2201 844 2255 Perdircere
869 2199 961 2254 minuo
989 2206 1086 2269 uptunr

108 2292 129 2342 rt
145 2287 237 2342 Lbino
257 2297 284 2342 ct
305 2290 439 2357 Douieio,
465 2294 571 2363 purtim
591 2296 664 2364 quod
688 2294 787 2348 Cicero
806 2311 861 2347 nou
882 2310 956 2346 nunc
973 2292 1103 2379 demum!

108 2378 250 2451 reiptinonr
270 2381 376 2446 discut,
413 2385 462 2436 red
481 2387 616 2440 refellere
636 2387 822 2457 aggredietur
841 2392 870 2438 et
888 2385 923 2436 de
941 2383 1025 2437 heinr
1044 2382 1086 2435 rei

108 2478 162 2526 inte
187 2471 280 2542 potior
314 2473 408 2526 dicere
435 2475 539 2530 debere
567 2479 717 2542 uidentur,
754 2477 858 2546 purtim
882 2477 956 2547 qnod
980 2474 1087 2546 inrogo,

119 2563 149 2618 iu
174 2564 271 2618 uerbir
292 2566 443 2629 ,trendeterrr
469 2575 497 2622 et
524 2576 694 2634 extructum,
721 2586 775 2622 uon
793 2567 925 2622 rernorit.
981 2565 1085 2634 (Lbino

108 2674 147 2709 rrc
164 2664 215 2711 unt
233 2663 357 2710 errertere
377 2666 427 2713 nul
445 2659 552 2727 niiqnid
572 2661 630 2714 tole
648 2659 754 2729 requiri
773 2659 941 2723 uidebatur,
969 2656 1086 2710 Durririo

108 2751 120 2815 )
156 2750 212 2802 Sed
232 2750 341 2813 Cicero,
361 2751 433 2820 qnod
453 2751 508 2803 inm
528 2751 618 2804 Lbino
637 2751 667 2804 irr
687 2753 810 2804 urentem
830 2750 919 2812 uenit,
941 2755 1085 2817 tumqnnnr

108 2841 228 2895 dicturo·
249 2841 370 2895 noudum
393 2859 423 2896 re
441 2859 568 2896 currerem
585 2842 653 2897 rotie
666 2844 797 2895 didiciore
814 2840 956 2912 rignibcnt
975 2845 1003 2892 et
1015 2856 1085 2907 prn-

121 2951 156 2987 no
174 2931 235 2986 rinc
256 2950 356 2986 canton
377 2935 448 2988 Coto
468 2942 525 2989 tnrn
540 2936 632 2989 multu
650 2932 752 2989 diriore
771 2934 920 2998 uidentur,
960 2930 1085 2984 modeste

108 3026 278 3095 requendum
297 3043 371 3078 nuuc
392 3027 428 3079 nb
448 3045 482 3081 co
501 3027 640 3092 didicisse,
661 3028 696 3080 ud
720 3046 779 3096 ane
798 3023 1002 3079 conridernndn
1020 3039 1085 3094 epa-

108 3118 182 3173 ruit.
211 3115 372 3186 lmugiuum
391 3117 472 3172 iilum
493 3120 679 3174 constantium
698 3119 726 3172 in
748 3118 792 3172 bin
811 3118 912 3171 enitent
930 3114 1011 3168 truria
1029 3132 1083 3168 non

108 3208 175 3263 rim
192 3210 318 3262 rectatur
337 3222 386 3264 ert.
940 3204 944 3211 ’

108 3318 126 3355 ι
142 3302 202 3366 ille,
226 3301 286 3354 Aio'
305 3301 429 3366 tandem)
447 3298 494 3353 Sic
513 3319 579 3372 ungo
601 3302 690 3370 Cret„
710 3308 770 3356 tum
790 3299 934 3354 Uictorini
952 3305 981 3352 et
997 3297 1084 3351 ceteri

108 3410 135 3459 r,
163 3394 496 3447 decretorumque
518 3392 660 3450 codicibus
680 3402 812 3449 lecenter.
865 3391 939 3462 Spir.
959 3397 991 3444 ut
1010 3390 1082 3450 nrt..

108 3501 253 3538 onerum.
303 3485 371 3538 011.
393 3501 431 3554 χψ
451 3491 512 3537 tene
530 3487 606 3541 illem
627 3490 754 3554 tondent,
790 3485 832 3550 Εξ
850 3491 906 3538 turn
925 3484 1001 3536 illem
1020 3488 1083 3534 ten·

108 3576 176 3633 lud·
196 3577 231 3642 l,
258 3574 293 3638 2,
318 3578 451 3641 bienno,
485 3579 552 3633 Bne.
573 3585 638 3634 inne
658 3580 735 3634 illurn
753 3580 841 3646 (Gud.
861 3577 893 3642 l,
930 3578 996 3629 Bne.
1018 3575 1083 3640 illo)

123 3780 199 3815 neren
217 3763 293 3833 lege)
329 3777 388 3833 qne
407 3761 560 3835 Pompeiae
583 3764 699 3818 tertium
719 3766 817 3818 eonon
836 3764 877 3831 (n.
895 3761 943 3826 ⁵2)
964 3758 1081 3813 breuio-

108 3853 233 3910 iieiorunr
255 3856 378 3907 formum
397 3855 560 3920 coortitnit,
582 3862 613 3909 ut
632 3859 732 3910 codem
750 3857 796 3909 die
815 3856 851 3909 nb
870 3854 1036 3909 decoratore
1054 3855 1083 3903 et

108 3953 310 4017 perureretur,
345 3952 373 3999 et
392 3948 453 3999 due
471 3948 547 4001 hore
565 3948 743 4013 eecnrntori,
780 3956 837 4003 trer
856 3965 905 4000 reo
929 3947 1082 4008 durenturr

108 4056 163 4093 ren.
186 4054 298 4109 orgum.
316 4038 417 4093 bliioo.
436 4058 465 4111 p.
487 4039 540 4093 lte
558 4041 628 4094 not
646 4057 763 4112 qunque
781 4041 817 4093 de
835 4056 869 4093 re
888 4040 969 4110 iege,
999 4037 1082 4091 odiri-

108 4128 173 4185 nrt·
190 4128 360 4185 testimeniir
378 4131 476 4197 (Brut.
494 4132 563 4197 321,
592 4133 672 4186 ntur.
686 4132 787 4203 Pomp.
806 4132 858 4198 ot,
878 4133 997 4202 Appinu.
1019 4128 1081 4181 cto.

108 4220 187 4275 ntor.
201 4223 350 4287 curnxb,
367 4222 425 4289 dt),
444 4222 557 4296 exposui
571 4224 599 4280 iu
610 4224 801 4295 dirpntntiooo
819 4226 854 4279 de
874 4222 994 4280 tribunis
1012 4235 1082 4271 reru·

108 4328 165 4369 tun.
184 4314 265 4381 1888)
286 4334 312 4386 p.
333 4314 360 4371 d.
398 4316 455 4370 l’ro
474 4317 582 4371 nideror
601 4319 689 4372 codex
708 4318 782 4373 Mor.
802 4318 925 4371 eradium.
972 4310 1081 4365 Deinde

108 4403 261 4473 beronem,
297 4425 383 4477 quem
413 4424 511 4463 nerem
535 4409 697 4466 Stoicorum
725 4408 905 4480 dirriplioom
932 4405 1080 4476 inpugna,
