2706 5018
132 341 191 406 Lll
562 337 813 407 rttAEFt't'IO.

132 529 256 594 Uerum
278 524 437 603 BeieruS,
486 524 560 587 duur
585 526 695 588 omnia
716 523 853 610 conligit
888 535 936 586 et¹
956 522 1116 603 eciundit,
1143 544 1217 609 supe

130 636 303 700 admiscuit
324 631 446 711 aliena,
472 652 577 715 neque
601 629 743 694 audebat
766 627 871 692 libere
896 628 936 692 de
957 626 1118 695 Cicerone
1145 632 1219 693 ituli·

132 764 218 807 care.
266 739 338 826 Ego
364 741 397 802 in
422 737 473 800 lris
497 735 592 800 libris
617 758 749 823 operatu
773 736 858 815 dedi,
882 747 918 797 ut
942 735 976 798 id
1001 739 1120 823 ipsum,
1144 737 1219 822 quod

131 847 282 913 Ciceroni
296 866 424 931 quoque
434 843 508 908 loco
523 841 731 907 obuersatum
746 853 843 919 esset,
862 840 1013 906 distincte
1026 864 1224 928 exponerem

131 950 429 1040 significarernque‚
442 952 474 1013 in
498 951 595 1012 tertio
618 951 833 1033 potissumum
857 946 955 1024 libro,
978 947 1034 1012 ubi
1057 950 1173 1013 Cicero
1195 952 1225 1012 in

131 1058 335 1124 difficilluma
348 1055 521 1139 disciplina
535 1078 691 1120 maxume
711 1058 803 1141 quasi
818 1078 945 1119 sururua
963 1056 1098 1143 fastigia
1122 1079 1225 1121 rerunt

130 1170 291 1254 sequitur,
303 1163 465 1251 quotuodo
478 1184 548 1225 curu
562 1161 637 1225 aliis
649 1163 793 1225 eiusdern
809 1160 991 1246 disciplina
1003 1162 1152 1247 partibus
1164 1163 1226 1225 dis-

131 1270 421 1360 putationibusque
435 1268 635 1332 cohaererent
649 1291 698 1345 ee,
713 1289 784 1353 quse
797 1269 825 1329 is
838 1269 1016 1353 posuisset.
1048 1267 1179 1333 Deinde
1201 1273 1228 1332 si

131 1379 207 1464 quid
228 1381 335 1443 minus
357 1376 398 1441 ab
422 1397 461 1438 eo
485 1387 541 1437 atu
562 1376 733 1460 perspicue
754 1390 810 1440 aut
831 1391 920 1442 recte
942 1375 1149 1442 intellectura
1172 1396 1228 1439 ex·

130 1487 339 1569 positumque
364 1479 567 1556 iudicabam,
592 1482 705 1566 aperui
729 1494 761 1544 et
784 1487 918 1563 notaui,
942 1507 981 1548 ea
1004 1505 1135 1569 quoque
1160 1504 1228 1567 per·

131 1610 291 1675 sequeus,
327 1609 398 1673 qnae
421 1609 486 1650 nou
512 1599 577 1650 tatu
603 1608 623 1650 a
645 1587 785 1652 decretis
810 1588 998 1653 Graecorum
1023 1588 1228 1666 aberrabant,

133 1718 229 1782 quam
255 1693 296 1758 ab
323 1696 395 1780 ipso
420 1692 580 1758 Cicerone
604 1695 638 1756 in
662 1698 865 1779 argumentis
897 1695 1131 1760 concludendis
1160 1715 1228 1758 sen·

132 1805 306 1888 tentiisque
337 1799 545 1887 explicandis
570 1801 677 1862 ruinus
709 1814 804 1864 acute
836 1814 869 1864 et
899 1803 1052 1866 distincte
1087 1802 1228 1886 cogitata

132 1931 237 1994 neque
261 1909 440 1992 aptissunre
471 1904 583 1970 uerbis
607 1907 833 1992 conprehensa
858 1930 931 1973 esse
955 1904 1176 1983 uidebantur,
1198 1919 1229 1970 ut

131 2016 252 2078 sensim
277 2014 318 2077 ad
344 2017 524 2078 orationem
544 2010 773 2099 scribendique
796 2036 902 2100 genus
927 2012 1138 2079 delaberetur
1163 2015 1228 2075 ani·

131 2121 326 2185 rnaduersio.
396 2116 449 2182 De
479 2139 543 2202 qno
571 2121 727 2183 uniuerso
762 2142 884 2206 genere
918 2123 965 2184 ita
986 2121 1093 2183 dicam
1118 2118 1228 2204 paullo

129 2241 222 2309 post,
265 2223 389 2287 nullarn
416 2235 492 2286 uta
523 2244 575 2286 mc
601 2222 753 2289 Ciceroni
784 2229 937 2292 iniuriam
968 2228 1089 2292 factam
1124 2247 1228 2311 ueque

129 2333 361 2417 iniquoanirno
384 2330 424 2392 de
438 2350 477 2422 eo
502 2329 680 2393 iudicatum
704 2352 776 2395 esse
793 2332 892 2396 facile
908 2333 1074 2415 adpareat.
1111 2331 1227 2396 Notati

130 2454 239 2502 autern
265 2436 334 2499 haec
356 2455 490 2521 prorsus
513 2456 647 2499 necesse
671 2450 719 2511 st3
760 2441 832 2522 quis
855 2441 940 2502 enirn
967 2453 1096 2524 potest,
1143 2437 1227 2524 quod

128 2544 215 2609 suala
241 2545 396 2627 scriptum
417 2553 501 2604 stet
523 2562 595 2604 cunr
621 2546 791 2606 scritentiae
813 2547 909 2618 uitio,
932 2547 1105 2630 perspicue
1118 2543 1227 2608 decla·

128 2673 214 2729 rare,
239 2650 303 2712 uisi
326 2669 365 2711 eo
391 2649 474 2710 uitio
498 2646 742 2713 demonstrato?
764 2649 878 2736 ltaque
903 2651 1004 2735 uolgo
1030 2654 1228 2737 praetermit-

130 2769 254 2832 tuntur,
278 2754 363 2840 quod
389 2755 553 2818 incuriose
578 2766 610 2817 et
631 2776 746 2839 parum
772 2756 936 2820 subtiliter
961 2756 1096 2843 legitur.
1141 2756 1228 2823 'l'uul

127 2867 168 2929 de
194 2885 275 2928 uera
297 2860 473 2926 multorum
498 2859 644 2925 locorum
670 2865 830 2948 scriptura
855 2862 949 2926 nullo
973 2864 1069 2927 modo
1089 2866 1228 2928 iudicari

126 2994 236 3058 posse,
257 2971 321 3033 nisi
346 2968 408 3032 hoc
429 2990 550 3054 genere
562 2980 733 3054 perspecto
754 2981 787 3031 et
809 2968 985 3047 declarato,
1004 2968 1118 3050 paullo
1140 2983 1228 3050 ante,

128 3075 286 3162 quoinde
310 3076 497 3137 coniectura
520 3075 610 3151 dixi,
650 3076 804 3159 exposui.
848 3074 898 3138 Ac
920 3077 949 3137 si
975 3078 1028 3161 qui
1052 3075 1228 3161 putabunt,

127 3184 226 3245 nimis
251 3193 360 3242 tarucn
385 3176 558 3240 molestum
585 3200 636 3241 nre
670 3179 793 3252 luisse,
842 3181 897 3262 qui
928 3202 968 3242 uc
1002 3180 1062 3244 illa
1094 3183 1228 3267 quidem

46 3320 49 3331 ⁴
127 3289 199 3352 ruiti
221 3284 355 3349 silentio
378 3284 636 3360 transmiserim,
657 3305 727 3367 quae
751 3287 859 3369 quiuis
882 3308 940 3371 per
962 3309 998 3351 se
1020 3289 1228 3352 animaduer-

127 3405 174 3457 tat
198 3394 269 3454 sine
293 3389 537 3465 admonitione,
582 3391 605 3451 ii
641 3391 867 3471 considerent,
915 3414 1011 3477 quarn
1043 3416 1089 3456 ex
1122 3393 1228 3458 turbis

127 3500 307 3572 hominurn,
329 3496 359 3557 ai
381 3494 458 3579 quid
480 3492 656 3579 aliquando
679 3497 944 3561 animaduersum
967 3501 1022 3577 sit,
1046 3503 1228 3583 perspicia·

126 3620 198 3679 tur,
231 3600 331 3685 uolgo
358 3622 423 3664 non
446 3600 675 3681 animaduerti,
700 3615 735 3665 ut
760 3601 814 3665 uel
837 3602 906 3666 hacc
933 3605 976 3666 sit
999 3608 1080 3668 satis
1104 3627 1228 3691 surigna

126 3709 259 3775 notandi
286 3727 422 3785 caussa,
454 3719 488 3768 ut
511 3705 705 3771 adsuescant
729 3708 878 3772 nonnulli
901 3731 965 3774 non
988 3710 1189 3795 perturbari.
1205 3713 1228 3792 ¹)

193 4000 294 4052 norum
314 3995 510 4066 augendorum
530 4012 628 4048 rausa·
647 3993 713 4049 addi
735 3999 782 4060 (ut
807 4000 861 4054 lroc
889 4005 968 4068 titur)
988 3999 1024 4052 dc
1046 3999 1228 4072 llr'eronpruo

191 4087 387 4160 Peripatetico
414 4087 543 4140 notulam
569 4086 673 4140 Meicri
690 4087 726 4140 ad
745 4089 805 4143 Cio.
825 4091 994 4155 Oratorem,
1029 4091 1081 4144 uhi
1101 4091 1228 4147 rhetori-

193 4199 258 4235 cum
278 4179 420 4251 quoddam
438 4178 608 4250 llicronynri
626 4187 802 4250 praeceptum
822 4187 1072 4236 conmemoratur?

146 4278 173 4342 ¹)
194 4273 343 4327 ascribam
362 4288 451 4323 unum
470 4288 503 4324 ex
522 4272 579 4324 alio
599 4288 687 4342 opere
705 4271 871 4344 exenrplum.
925 4273 1009 4328 Tuae.
1029 4273 1076 4337 ll,
1116 4279 1151 4326 ta
1172 4276 1228 4328 lroc

190 4364 320 4436 proruitur:
360 4365 445 4434 erod
469 4382 534 4433 erpo
573 4372 598 4416 et
625 4365 790 4431 potendatur
823 4383 842 4414 a
866 4363 990 4431 fortibus
1018 4374 1045 4418 et
1074 4367 1228 4429 lattdatur,
