2706 5018
148 344 211 405 628
502 336 561 400 DE
584 336 761 405 stultius
784 336 886 405 BON.

151 535 234 600 teles
259 535 475 597 animantium
498 534 642 596 omniurn
663 546 773 612 ortus,
806 535 931 611 uictus,
956 529 1083 618 figurem
1106 533 1182 598 'lieo

148 644 302 731 phrestus
327 654 437 703 nutem
461 641 611 725 stirpium
637 653 770 703 nntnres
795 642 1001 726 omniumque
1021 640 1083 703 lere
1103 660 1185 717 rems,

149 771 233 836 quae
256 771 274 810 e
296 760 383 809 terru
406 748 639 831 gignerentur,
693 768 827 810 caussas
850 760 948 832 atque
972 747 1119 821 rationem
1149 766 1188 829 qu

150 877 192 920 ex
225 855 413 940 cognitione
443 851 571 915 facilior
602 853 687 915 iacta
707 866 738 915 st
762 855 974 940 inuestigatio
1000 873 1101 917 rerum
1120 848 1190 915 ouri

150 964 369 1024 tissnmnrnm.
436 956 695 1044 Disserendique
717 957 758 1022 nb
780 959 885 1023 isdem
908 981 972 1023 non
996 957 1147 1023 dialectice
1161 978 1192 1020 sr-

148 1067 238 1143 lum,
267 1065 324 1128 sed
350 1066 448 1127 etism
471 1065 613 1127 oratorie
639 1079 814 1150 praecepta
832 1079 909 1129 sunt
932 1066 1068 1140 treditn3
1094 1062 1130 1128 nl
1147 1062 1193 1127 lri·

147 1171 332 1256 stnteleqne
363 1172 510 1255 principe
537 1169 578 1231 de
609 1170 751 1256 singulis
781 1170 880 1235 rebus
917 1175 950 1236 in
975 1185 1194 1256 utramquepu·

148 1293 214 1342 tem
240 1277 368 1341 dicendi
395 1278 592 1339 exercitatio
613 1290 643 1338 st
664 1279 827 1356 institute,
849 1291 885 1340 nt
907 1300 972 1341 non
998 1290 1106 1341 conire
1122 1274 1194 1338 ontis

148 1406 294 1469 semper,
312 1384 396 1444 sicut
418 1380 608 1459 Arcesilas,
631 1383 766 1460 dicerer,
791 1396 953 1446 ettamen
975 1396 1014 1445 ut
1035 1385 1067 1445 in
1087 1377 1194 1445 omnibu

149 1488 269 1565 rebus,
293 1487 450 1572 quidquid
474 1509 519 1549 ex
545 1500 681 1574 utraque
705 1501 798 1573 parte
823 1489 887 1552 dici
912 1501 1043 1572 posset,
1067 1503 1195 1572 exprone

148 1607 209 1657 ret·
278 1596 330 1655 11.
362 1591 469 1668 Quom
504 1606 614 1657 entem
644 1596 741 1658 tertia
772 1614 848 1675 pars
879 1591 964 1657 bene
990 1594 1117 1657 uiuendi
1136 1609 1195 1676 pne

148 1711 242 1784 cepte
272 1714 465 1784 quaereret,
508 1723 547 1763 en
578 1713 760 1785 quoquest
784 1698 826 1763 nlr
852 1700 955 1763 isdem
982 1722 1047 1764 non
1069 1692 1195 1762 solunsl

145 1808 295 1888 priuatae
321 1808 410 1869 uitne
435 1808 613 1885 rationem,
636 1806 693 1870 sed
717 1806 878 1869 etiamad
901 1828 1011 1869 rerum
1036 1803 1194 1891 pnlrlicsrnn

145 1911 462 1977 rectionemrelatis.
519 1911 676 1976 Omnium
700 1912 770 1975 lere
796 1913 968 1976 ciuitatum
992 1933 1055 1976 non
1079 1909 1194 1975 Gneus

198 2111 413 2163 mundissimis
449 2114 472 2166 e)
487 2112 567 2158 orn.B
598 2124 626 2156 es
640 2110 783 2167 cognitione)
797 2112 1022 2168 excommunes
1050 2108 1195 2163 rae-resta

143 2183 226 2228 lacos.
259 2185 342 2240 solum)
355 2186 433 2231 cmc
467 2187 579 2243 oratorie)
593 2189 704 2232 orssoris
719 2188 762 2231 cn
789 2188 834 2239 est)
849 2200 894 2230 on.
911 2187 951 2231 PG
980 2190 1068 2245 posset)
1080 2182 1194 2245 putem

143 2263 300 2316 expromeret)
316 2264 466 2317 exprimeret
480 2264 563 2308 Lecn
623 2263 934 2319 innumerosorum.
974 2266 1005 2310 sd
1019 2261 1193 2310 rem-rsit·

143 2335 185 2382 sed
199 2337 279 2390 etism)
293 2350 337 2382 ors.
354 2337 373 2382 Β
409 2339 544 2395 rectionem)
557 2341 649 2386 duest·
664 2339 685 2384 Is

213 2526 256 2580 1⁰.
294 2526 505 2601 Disserendique
530 2527 565 2580 sd
591 2527 689 2593 isdem)
725 2527 879 2581 Trunsilur
905 2529 941 2582 sd
969 2531 1090 2584 alterum
1119 2530 1194 2599 perir!

142 2616 294 2690 discipline
313 2636 346 2673 cn
367 2621 462 2684 modo,
480 2636 535 2690 qno
557 2620 592 2672 sd
611 2626 661 2680 111,
676 2618 713 2673 78
730 2620 837 2674 dictum
856 2628 890 2674 st.
927 2623 1022 2693 Uulgo
1042 2620 1081 2676 sic
1100 2622 1147 2675 lssc
1160 2616 1194 2669 lit·

141 2719 312 2782 eerpnuturr
328 2713 454 2780 figures.
492 2711 699 2780 Theophrastus
716 2740 753 2754 -
770 2713 899 2766 rationes.
937 2713 1000 2778 Quo
1022 2742 1049 2753 -
1072 2712 1194 2767 occultiore·

140 2821 266 2856 murum:
285 2804 490 2871 disserendique
508 2803 561 2857 dre.
596 2803 748 2858 Sententia
771 2804 873 2857 eedem
901 2807 1098 2860 usctsbsotnr
1113 2805 1152 2858 tn.
1165 2798 1194 2859 ll·

139 2895 234 2966 s'ssqq.
270 2895 374 2948 Psnllo
393 2897 458 2964 posi
475 2902 645 2962 expromeret
663 2896 773 2948 Mersus
794 2894 860 2958 (tur.
882 2898 999 2964 llere),
1018 2901 1112 2963 Meo..
1127 2880 1194 2949 recu·

139 2986 225 3039 tiores
242 2985 340 3039 luciis.
376 2986 534 3040 Conlirsnsl
552 3004 618 3057 mgo
637 2984 713 3039 Cret.
732 2986 819 3050 (unde
839 2988 961 3042 iorlssse
979 2990 1024 3043 illi
1041 2980 1193 3061 rumpenti

140 3084 169 3130 et
187 3094 262 3130 nnnc
283 3078 344 3129 Erl.
386 3079 548 3132 Deteriores
567 3078 728 3146 exprimeret
746 3079 821 3143 (oss
838 3097 953 3146 omnes,
976 3083 1040 3146 Cn,
1058 3080 1145 3147 niret
1172 3071 1192 3123 ¹¹

137 3170 182 3223 lris
199 3168 313 3223 uerbis:
348 3176 381 3221 ut
399 3187 505 3222 uou-
522 3176 550 3222 et
570 3176 661 3222 tomes
684 3176 717 3221 ut
735 3171 826 3223 silero
854 3172 917 3226 loro
933 3180 966 3226 ui
984 3175 1121 3238 slrundsl,
1148 3180 1193 3238 ql?

137 3260 214 3314 nium
233 3259 322 3331 priori
339 3269 492 3333 utrumqne
511 3263 576 3327 (sou
601 3288 637 3300 -
663 3268 690 3312 et
708 3263 813 3329 tomes)
838 3262 929 3318 subiri
956 3265 1050 3336 potuit
1071 3272 1098 3320 st
1120 3254 1193 3314 sss&

136 3350 276 3405 Similiter
294 3352 388 3407 Diuin.
408 3352 435 3407 in
459 3354 528 3407 Grec.
548 3351 585 3407 72
601 3371 686 3424 quom
702 3353 847 3424 particule
871 3362 904 3408 ut
927 3357 1066 3426 pertitsn
1087 3346 1192 3409 ceslii*

134 3460 199 3496 nem
215 3442 380 3499 subiecisset
398 3446 461 3512 (ut,
484 3446 511 3498 si
527 3471 572 3506 -,
589 3445 638 3510 rr),
657 3445 687 3498 in
704 3444 824 3499 ulterius
842 3447 964 3501 membri
983 3446 1098 3520 spedosi
1113 3434 1193 3517 rest

133 3539 166 3584 ut
184 3534 245 3596 (ot,
282 3535 309 3586 si
324 3565 358 3578 -
376 3537 403 3588 si
418 3566 471 3599 -,
492 3543 524 3590 st
540 3538 597 3600 es).
643 3537 685 3589 nx
704 3536 803 3590 eodem
821 3554 928 3607 genere
945 3540 1190 3611 psrtieslsrsnss

133 3622 357 3679 sdcnsstissunre
375 3627 450 3681 inter
470 3644 501 3682 se
519 3628 677 3681 reinissum
695 3627 755 3681 hee
772 3635 847 3694 sunt,
867 3629 943 3700 qnod
961 3631 990 3685 is
1009 3640 1061 3687 sut
1078 3616 1190 3687 sensti

127 3711 374 3780 Lssmffiffi

200 3805 244 3858 ιι.
266 3806 390 3862 murum
407 3811 472 3874 sere
487 3810 632 3865 eruturus
650 3810 720 3878 ee.)
733 3812 920 3883 eoeneum
937 3814 975 3880 u,
989 3810 1137 3885 ιιμιιωι
1147 3798 1190 3861 tr

129 3896 410 3963 antonomasiae,
448 3900 643 3971 Tireoplrrssii
669 3903 757 3960 libros
784 3911 846 3975 περὶ
861 3901 966 3974 siper,
1001 3892 1188 3976 ntriwul
1231 3928 1234 3933 ·

127 3984 265 4054 parantur
282 3989 404 4059 scripte,
443 4008 503 4061 que
528 3993 715 4049 nominentur
740 3996 816 4066 spsd
834 3994 1003 4067 Diogenen,
1029 3978 1187 4064 round
1231 4002 1234 4053 l

128 4075 250 4130 fortusse
268 4078 356 4133 etism
375 4088 437 4154 sepi
454 4078 577 4141 παιδείας
593 4084 737 4156 βασιλέως,
765 4091 829 4141 ium
848 4084 1010 4143 Aristotelis
1028 4084 1138 4142 renuo
1149 4067 1186 4144 lm

126 4166 203 4220 enirn
221 4168 257 4221 de
276 4176 392 4239 optumo
410 4171 451 4225 rei
471 4174 591 4244 publice
607 4179 685 4232 stsin
704 4178 823 4249 querit,
858 4196 911 4233 nec
933 4196 1063 4235 seorssn
1084 4178 1117 4230 ds
1130 4176 1185 4226 αἱ·

125 4257 216 4314 libros
232 4259 378 4331 scripsisse
396 4263 543 4336 uidetur),
582 4269 779 4341 Theophrasti
803 4271 921 4342 (preses
945 4268 1078 4337 nomes)
1092 4248 1185 4335 sopiri!
