2706 5018
267 393 324 458 ET
348 393 563 459 MAL.L1B.
586 397 617 460 V
641 395 732 461 CAP.
755 399 806 460 29.
1016 400 1078 462 773

10 607 145 651 runreros
167 601 200 650 et
224 589 379 652 caelestia
412 592 593 672 acciperet'i
638 613 694 655 cur
721 606 795 677 post
824 590 1004 655 Tarentum
1035 591 1075 654 ad

10 693 189 777 trubytami
211 716 267 758 cur
289 696 329 757 ad
351 695 492 758 relicuos
516 697 749 783 Pythagoreos
773 698 996 774 Echecratem,
1018 694 1076 783 Ti·

10 818 137 878 naeum,
169 801 345 864 Actionem
369 802 511 880 Locros,
543 817 594 880 ut,
628 826 725 889 quom
750 806 914 867 Socratem
941 825 1077 887 expres·

10 904 105 983 isset,
150 907 343 992 adiungeret
382 908 661 994 Pythagoreorum
691 910 916 994 disciplinam,
960 929 1075 992 caque,

10 1030 72 1094 puae
91 1014 245 1076 Socrates
265 1014 467 1097 repudiabat,
486 1015 691 1079 addiscereti
711 1038 767 1079 cur
785 1018 855 1100 ipse
873 1014 1075 1098 Pythagoras

10 1119 236 1202 uAegyptum
267 1119 418 1183 lustrauit
448 1134 479 1183 et
517 1122 690 1185 Persarum
728 1144 842 1208 magos
872 1119 972 1184 adiitt
1017 1140 1075 1182 cur

10 1237 93 1287 antas
135 1229 287 1310 regiones
326 1225 539 1290 barbarorum
574 1227 712 1312 pedibus
748 1227 849 1291 obiitt
893 1238 942 1288 tot
972 1227 1074 1287 maria

10 1332 188 1393 ransmisiti
212 1353 267 1394 eur
290 1331 371 1395 haec
395 1334 509 1396 cadem
529 1333 763 1397 Democritusi
800 1336 856 1418 qui
878 1335 989 1419 (uere,
1013 1330 1074 1397 sal-

10 1454 87 1515 one,
120 1458 183 1499 nort
208 1443 414 1522 quaeremus)
439 1439 556 1503 dicitur
579 1461 615 1503 se
640 1439 744 1504 oculis
767 1442 932 1524 priuasse;
975 1451 1074 1515 certe,

41 1653 149 1705 relicuos)
165 1654 294 1697 sererent)
323 1657 456 1708 Actionem)
473 1656 640 1701 Arricnemli
683 1657 744 1713 ipre)
759 1662 783 1699 st
800 1655 886 1712 ipseb
928 1661 954 1700 et
969 1657 1073 1714 AEgypt.)

10 1723 76 1783 '⁸015
103 1732 171 1780 uere)
188 1731 282 1772 uersi)
310 1745 355 1775 non
370 1734 510 1789 queremus)
532 1746 697 1787 quoereremur
712 1732 837 1778 sacam.
853 1745 904 1778 cnm
918 1736 974 1784 nota
984 1732 1072 1785 mendi;

10 1804 156 1850 toeremusb
186 1818 211 1846 sc
228 1807 310 1857 ocutis)
324 1820 344 1855 e.
362 1822 382 1850 r.
405 1808 531 1854 troam.

54 2033 117 2067 nere
130 2017 261 2080 satione,
279 2036 332 2069 rien
351 2020 513 2092 quaeremus)
550 2019 646 2072 Dauisi
664 2019 854 2073 coniecturam
871 2026 981 2074 secutus
1001 2038 1072 2077 sum.

10 2107 66 2160 ssu
84 2108 112 2160 in
131 2108 260 2161 onmibns
279 2110 420 2163 codicibus
439 2115 481 2163 cat
510 2112 579 2179 (nisi
598 2112 672 2181 quod
698 2129 714 2163 e
742 2112 818 2181 Spir.
842 2119 973 2167 enotatnr
997 2131 1070 2187 qute-

10 2201 103 2266 τινα),
141 2218 212 2252 rinus
240 2201 364 2254 defendit
381 2204 464 2262 otto;
500 2219 680 2277 quereremus
704 2201 778 2255 enim
803 2221 862 2257 esre
879 2206 1005 2258 mdcirten
1022 2206 1071 2257 wir

10 2303 102 2359 qen,
122 2311 180 2361 qua
201 2296 289 2345 rrerba
307 2293 440 2364 qnoniam
459 2294 636 2364 significant,
666 2296 793 2350 animum
814 2314 847 2349 ao
866 2295 1021 2358 inclinare,
1040 2303 1072 2350 nt

10 2391 143 2447 seratur,
179 2388 250 2452 qrrod
270 2387 413 2440 sententia
437 2387 546 2440 Pisonis
572 2388 756 2442 uehementer
782 2393 941 2460 repugnat,
976 2389 1069 2442 nescio

10 2475 58 2526 nde
73 2477 247 2529 contrarium
267 2478 357 2531 audiri
377 2480 469 2532 iubet:
507 2480 556 2530 sed
575 2479 709 2533 nolumus.
765 2481 865 2533 Iratins
890 2499 1070 2554 quereremus

10 2563 40 2618 iei
55 2586 108 2620 non
129 2578 219 2637 potest
238 2571 289 2621 nisi
318 2589 382 2623 enm
406 2569 585 2632 condicione,
604 2572 686 2623 uerbi
705 2588 820 2624 caussa:
849 2573 876 2623 si
892 2572 989 2624 liceret
1006 2571 1069 2633 (etsi

10 2651 58 2723 iso,
76 2657 185 2713 etiamsi
205 2661 303 2725 liceat,
323 2680 376 2715 non
396 2667 505 2726 curat);
525 2678 559 2713 ea
579 2667 673 2714 antem
691 2663 739 2714 bic
756 2679 846 2732 nequa
864 2663 958 2716 uerbis
976 2664 1069 2734 expri-

10 2747 68 2803 ritnr
84 2769 174 2822 neque
192 2753 377 2821 significatur.
437 2754 520 2822 Quod
539 2753 652 2822 qnidam
679 2770 859 2820 paoerercnnm
877 2756 942 2807 tolli
958 2757 1068 2818 uolunt,

10 2840 55 2894 tiso
73 2845 138 2896 huic
157 2846 271 2896 tarnim:
296 2863 360 2897 uere
373 2847 486 2910 saltone
502 2863 566 2898 eam
584 2847 712 2899 tribuunt
729 2842 964 2915 significationem
985 2847 1068 2900 dubi-

10 2933 106 3000 ttionis,
125 2955 184 3005 qum
206 2937 233 2989 in
252 2939 306 2990 trac
323 2938 410 2990 inest:
431 2939 557 2990 iocansne
576 2956 612 2989 nn
631 2939 671 2990 ita
689 2938 808 2991 sentiens
826 2937 923 3001 (Aean.
943 2945 980 3000 li,
998 2938 1067 3005 63);

10 3039 76 3094 nque
94 3028 235 3082 Uictorina
255 3031 353 3096 (Uarr.
372 3031 461 3084 Lecti.
480 3029 552 3093 XV,
589 3030 637 3097 19)
663 3037 692 3082 ct
716 3029 823 3082 Lbinus
847 3049 913 3084 rcere
936 3032 1067 3095 settene,·

10 3117 99 3172 sitta
119 3120 289 3188 significatio
309 3119 478 3174 discriminis
496 3122 630 3185 tottendi,
652 3139 712 3192 quse
730 3121 759 3174 in
781 3141 816 3176 ue
832 3122 977 3192 particula
995 3128 1020 3174 st
1038 3123 1064 3174 in

10 3208 140 3265 marandi
160 3213 326 3265 sententiam
347 3212 552 3267 declaratiuam
572 3231 626 3266 non
645 3212 736 3277 cadit,
767 3221 795 3266 et
811 3215 988 3271 subabsurde
1005 3213 1067 3282 ipss

10 3313 30 3352 ss
45 3304 84 3357 ita
103 3313 253 3357 narratur:
275 3306 397 3358 ”dicitnr
415 3308 465 3357 aut
484 3322 552 3357 uere
569 3312 620 3357 ant
640 3306 751 3367 talso’';
786 3321 853 3358 nam
872 3307 950 3364 tama
967 3322 1018 3374 pcr
1036 3322 1066 3358 sc

10 3391 136 3460 >saiticari
156 3399 249 3458 debet,
269 3397 417 3460 tumaddi,
436 3396 508 3449 nihii
527 3398 562 3449 ad
581 3414 641 3449 rem
660 3397 812 3466 pertinere,
831 3414 916 3468 quam
935 3412 1004 3450 acra
1021 3396 1065 3451 sit.

10 3484 64 3542 stne
81 3489 166 3543 scribi
186 3490 263 3542 uait:
282 3506 346 3541 arere
362 3490 440 3554 salso
449 3525 458 3549 ‚
477 3507 512 3541 ne
529 3507 700 3562 pareremus,
736 3488 882 3554 oratione,
908 3495 940 3542 ut
956 3487 1064 3557 opinor,

10 3588 34 3631 ta
51 3581 170 3647 batiae,
209 3598 298 3651 neque
317 3580 390 3633 enim
410 3582 483 3649 quod
504 3582 573 3634 uelit
589 3583 659 3634 nolit
676 3601 727 3653 pro
745 3584 814 3635 stetit
831 3600 867 3634 an
884 3582 955 3633 notit
972 3599 1064 3633 sermo

10 3673 127 3727 initiaris
146 3672 252 3742 recepit
275 3674 323 3737 (ad
338 3676 392 3741 Qu.
412 3675 458 3726 nr.
479 3675 538 3735 ΙΙΙ,
554 3672 587 3738 8,
606 3675 653 3740 t),
671 3676 855 3746 progrediens
871 3675 907 3728 ab
927 3691 971 3734 eo,
990 3675 1065 3742 qnod

10 3758 46 3818 'dit
62 3767 130 3818 solit
151 3783 202 3834 pro
221 3783 268 3817 seu
286 3767 354 3817 stelit
375 3784 423 3818 sea
440 3767 509 3817 notit
527 3766 690 3831 dicebatur,
709 3769 841 3821 continuo
860 3766 935 3818 idem
953 3765 988 3816 ad
1005 3764 1065 3817 aiis

11 3859 64 3912 rba
83 3867 110 3912 et
127 3855 264 3910 aduerbia
282 3858 430 3909 traducere
449 3859 531 3922 iicet,
566 3876 657 3926 neque
677 3876 708 3910 ex
727 3858 778 3911 iiia
802 3857 889 3910 ceteri
907 3858 1064 3908 multorum

10 3951 182 4005 utrarinrnm
210 3950 271 4002 sine
303 3949 443 4017 particula
477 3949 689 4002 enumeratione
713 3949 741 4000 in
768 3947 975 4018 interrogatiua
999 3965 1063 4001 ora-

10 4055 72 4103 tne,
91 4061 151 4111 qnia
169 4043 254 4095 Acad.
274 4042 312 4102 ΙΙ,
331 4040 368 4095 92
384 4039 534 4108 reperitur,
555 4040 703 4108 quicquam
723 4039 880 4094 coniicitur.
920 4040 978 4093 Nec
996 4043 1064 4108 apta

10 4134 215 4188 adebertandi
234 4135 327 4186 forma
357 4142 391 4188 st.
444 4131 562 4185 Uidetur
588 4149 641 4182 uon
669 4137 731 4200 post
761 4148 795 4183 ae
820 4131 953 4185 excidisse
980 4141 1009 4185 et
1029 4148 1061 4183 ex

10 4243 31 4279 ie
47 4227 108 4296 ipso
127 4245 160 4279 ne
180 4225 372 4279 coniunctium
392 4230 472 4277 ortus
489 4241 558 4277 esse.
611 4225 709 4277 Potius
728 4231 823 4279 tamen
841 4225 981 4294 expectari
1008 4240 1062 4274 nen

10 4337 76 4385 rere,
94 4338 148 4374 non
169 4318 343 4387 negauerim.
369 4320 437 4386 Qua
458 4318 492 4369 dc
508 4315 664 4371 Democriti
677 4317 801 4373 cecitate
814 4316 1061 4382 (taminibnsomis-

10 4413 114 4467 :Ture
138 4414 179 4474 V,
206 4411 267 4478 tlt)
288 4412 432 4474 fabulose,
454 4410 487 4465 de
506 4411 635 4480 neglecta
654 4408 804 4480 patrimoni
823 4426 892 4464 rurs
909 4407 992 4463 uarie
1007 4407 1060 4464 tin-
