2730 5016
217 360 279 420 772
568 344 628 409 DE
650 342 826 409 FINIBUS
851 342 955 409 BON.

220 546 380 634 perrenda3
425 540 519 603 beate
551 541 637 602 eninr
661 539 795 602 uiuendi
831 540 1010 624 cupiditate
1044 540 1176 603 incensi
1211 560 1316 604 omnes

220 674 342 718 suenus.
390 650 442 710 at.
465 645 537 709 Hoc
560 645 642 708 mihi
667 669 738 709 cunr
764 660 819 708 tuo
850 647 953 709 fratre
983 649 1156 709 conuenit.
1211 645 1313 722 Quare

222 763 282 824 hoc
304 753 480 819 uidendum
502 766 551 828 st,
597 755 743 836 possitne
775 751 871 814 nobis
903 751 966 814 hoo
999 754 1085 814 ratio
1108 750 1312 834 philosopho·

222 887 291 929 runi
318 864 407 925 dare.
450 858 628 922 Pollioetur
651 871 748 921 certe.
798 855 872 920 Nisi
894 859 981 920 eninr
1007 859 1040 920 id
1063 859 1222 935 faceret,
1271 878 1306 919 car

223 971 316 1034 l‘iato
341 968 529 1050 Aegyptum
554 965 759 1049 peragrauit‚
806 976 841 1024 ut
875 963 1150 1027 uaecordotihns
1175 962 1309 1027 barbaris

277 1161 372 1206 uiuendi
387 1182 412 1192 -
429 1159 548 1213 conuenit)
561 1157 623 1202 Non·
639 1170 663 1212 p.
678 1157 727 1199 iil.
769 1169 848 1199 omncs
864 1159 952 1211 eunus)
967 1173 986 1200 e.
1004 1172 1025 1200 o.
1042 1159 1065 1202 R
1123 1161 1162 1203 87.
1181 1160 1243 1212 ileo)
1256 1166 1311 1216 apr

224 1240 268 1282 hoc
285 1239 345 1281 h'on.
374 1236 416 1279 hoe
430 1235 499 1286 ratio)
513 1233 566 1276 herc
582 1247 602 1276 r.
620 1231 662 1275 aa

224 1437 322 1474 caum
348 1417 504 1488 excogitet!
542 1415 728 1480 Ominum,
766 1416 814 1486 qui
842 1434 906 1469 cuni
933 1418 1123 1470 haltenrando
1155 1416 1311 1471 Lamhisua

223 1521 375 1572 eeeirntur,
404 1511 476 1562 nihil
496 1508 633 1561 adnotant
654 1525 686 1559 ex
705 1509 728 1560 E
748 1510 787 1572 (U
805 1526 860 1561 uon
880 1513 1030 1573 nurnero);
1049 1508 1166 1563 scilicet
1186 1511 1242 1563 hoc
1257 1526 1311 1578 quo

223 1622 295 1675 que,
322 1581 374 1674 'qui
391 1601 515 1655 codicem
536 1600 673 1665 eontulit,
713 1602 748 1653 ad
767 1603 919 1654 uerborum
939 1603 1069 1654 ordinem
1087 1603 1239 1670 pertinere
1254 1602 1312 1654 inti·

224 1694 300 1749 cauit
324 1700 353 1748 et
381 1692 483 1747 omisit.
539 1695 614 1745 iilud
641 1694 761 1753 addam,
798 1694 825 1746 in
844 1695 900 1746 tine
917 1693 1125 1746 sententiarum
1148 1696 1227 1764 apud
1247 1695 1310 1747 Girr-

224 1807 322 1843 ronem
344 1789 419 1841 hunc
438 1782 605 1856 iegitumam
625 1800 685 1837 esse
704 1787 856 1838 uerborum
875 1787 1019 1840 ordinem:
1039 1787 1219 1839 instituenda
1237 1787 1311 1838 oretis

225 1888 270 1941 st,
290 1898 345 1933 non
364 1882 457 1933 huno:
481 1877 650 1928 instituenda
669 1884 694 1929 st
713 1879 821 1943 oratio3
859 1881 942 1946 οἰκῇ
965 1877 1083 1942 Ssocte
1103 1882 1208 1932 mentio
1227 1887 1268 1940 rt,
1283 1877 1310 1931 lt

225 1975 337 2024 inuenta
355 1973 421 2023 uitae
438 1971 486 2022 uio
505 1977 540 2035 rt,
561 1969 595 2021 to
611 1986 763 2036 progressa
781 1972 853 2022 ratio
873 1978 907 2038 st,
925 1971 1010 2023 Tuae.
1032 1973 1063 2031 V,
1084 1971 1102 2024 5
1118 1973 1245 2040 peteuda
1260 1989 1309 2023 esr-

224 2065 309 2116 rcctio
329 2070 364 2127 et,
384 2070 413 2114 et
432 2062 466 2114 15
487 2062 609 2113 adducto
628 2063 742 2133 qrsaestio
762 2069 795 2114 st.

293 2155 336 2209 87.
375 2153 466 2217 Quare
485 2153 701 2206 nocumentum
720 2161 763 2218 st,
793 2154 914 2222 periitne
931 2153 1009 2204 notis
1027 2152 1093 2213 hoc)
1113 2155 1202 2209 Prius
1220 2171 1309 2224 prora·

226 2264 299 2308 men,
318 2246 392 2314 qirod
413 2245 514 2297 Gaium
534 2251 562 2296 et
580 2245 721 2298 Oretiinm
742 2246 875 2309 offendit,
897 2255 974 2297 recte
993 2251 1022 2297 et
1039 2263 1092 2298 suo
1109 2246 1176 2299 ioco
1194 2247 1311 2301 additu

115 2334 128 2351 ⁸
226 2347 270 2402 et,
288 2346 319 2390 ut
339 2337 381 2401 ci,
400 2338 474 2406 quod
493 2333 656 2399 conueniat,
694 2355 757 2390 cum
778 2338 901 2406 pondere
919 2336 1014 2406 atiquo
1034 2338 1217 2392 contrarium
1236 2355 1313 2410 pon·

226 2441 271 2485 tur
291 2432 336 2492 id,
357 2431 431 2500 quod
453 2432 605 2497 queratur.
640 2429 672 2479 ln
693 2429 837 2498 proxumis
858 2430 960 2497 duplex
981 2429 1077 2482 torma
1098 2432 1239 2485 orationis
1256 2449 1312 2485 roa·

227 2523 376 2576 dicionatis
395 2522 422 2575 in
445 2537 530 2574 unam
549 2520 671 2573 conflata
691 2523 716 2572 at
735 2538 790 2573 nou
818 2539 929 2590 prorsus
955 2521 1149 2591 legitumaru;
1187 2541 1252 2576 narn
1273 2530 1313 2578 ant

225 2616 266 2669 sic
285 2614 340 2667 dici
360 2612 472 2668 uidetur
490 2613 635 2666 debuisse:
654 2613 709 2663 nisi
726 2640 760 2653 -
775 2615 903 2679 sereret,
939 2630 989 2664 rar
1008 2615 1095 2666 Pluto
1114 2642 1156 2680 ··.
1169 2632 1311 2686 peragrar-

226 2706 291 2758 cett
310 2715 359 2759 aut
376 2704 431 2758 sic:
453 2706 510 2756 nisi
526 2733 559 2744 -
573 2704 666 2769 facit,
704 2723 753 2758 car
772 2705 855 2757 Pluto
872 2705 1064 2773 peragraret?
1081 2709 1182 2774 Quom
1200 2710 1311 2779 priore!

227 2799 325 2851 Cicero
344 2797 525 2860 instituisset,
550 2794 620 2848 uicit
639 2796 679 2848 rei
700 2813 767 2848 uere
785 2797 866 2850 faeta
885 2797 1027 2866 cogitatio.
1064 2799 1236 2870 zeugmatis
1251 2817 1309 2872 qus·

224 2908 278 2961 quo
296 2888 417 2960 speciem
439 2890 544 2952 hahet,
581 2889 654 2956 qnod
681 2907 713 2941 ex
730 2890 898 2958 peragranti
923 2889 1023 2941 deinde
1042 2891 1163 2945 auditur
1179 2896 1306 2962 prosectu

229 2989 271 3034 sat
290 2979 455 3047 (Tarentum
474 2982 511 3031 od
530 2981 700 3048 Archytam).
758 2981 834 3033 Tum
859 2987 963 3034 ceteros
982 2986 1047 3049 (pro
1068 2984 1209 3053 relicuos)
1228 3003 1255 3038 er
1269 2982 1304 3035 et.

224 3074 316 3144 prima
334 3073 465 3136 aditae„
484 3072 616 3136 hhinum‚
636 3073 707 3125 alios
719 3078 910 3143 propagatum
927 3081 951 3126 st
970 3080 1069 3125 eontra
1089 3076 1208 3130 codices
1225 3079 1308 3146 (Dan,

224 3168 309 3229 01¹„
337 3163 404 3229 (ὴί)
424 3172 453 3216 et
472 3165 594 3217 alteram
612 3171 718 3216 sectam
738 3174 867 3218 ueterum
886 3165 1049 3218 editionum.
1088 3168 1244 3223 Platonem
1261 3169 1310 3239 pri-

224 3276 301 3310 inum
320 3258 348 3308 in
369 3259 534 3326 AEgyptum,
553 3255 653 3308 deinde
672 3255 699 3309 in
718 3257 833 3310 Italiam
852 3255 971 3319 uenisse,
992 3259 1092 3313 Cicero
1112 3261 1218 3316 scribit
1235 3259 1309 3315 etii·

224 3353 292 3403 lde
311 3353 346 3403 R.
366 3351 399 3402 P.
419 3348 471 3411 16,
508 3350 543 3400 ‹le
560 3366 616 3419 qua
635 3347 711 3401 omni
730 3367 762 3401 ra
789 3367 847 3418 quar
872 3351 951 3402 caric
970 3369 1019 3403 nec
1038 3351 1213 3408 certissuma
1231 3355 1312 3407 aaa·

222 3441 407 3511 scriptoribus
428 3441 597 3504 traduntur,
633 3446 695 3510 post
716 3441 788 3494 aiios
806 3442 930 3512 conlegit
949 3442 1041 3496 Artius
1060 3445 1089 3494 in
1110 3444 1190 3498 tibro
1209 3447 1245 3497 de
1261 3444 1314 3497 uita

224 3544 252 3587 et
269 3534 348 3585 tibris
359 3528 486 3585 Platonis
494 3550 521 3601 p.
532 3532 567 3582 22
575 3551 633 3602 sqq.
661 3531 715 3583 Sed
727 3531 787 3583 iilic
798 3539 905 3586 tantum
913 3534 1071 3604 Archytam
1081 3547 1111 3588 et
1120 3536 1263 3591 Timarum
1272 3536 1312 3590 c'r

223 3631 509 3687 eeroconmemorat;
527 3623 691 3676 Echecratis
710 3625 875 3678 etherionis
894 3642 929 3677 ne
952 3626 1066 3679 nonrinu
1086 3628 1204 3698 quidem
1212 3631 1250 3683 ah
1259 3627 1314 3683 aliis

223 3713 408 3786 scriptoribus
425 3718 587 3784 ponuntur,
624 3714 677 3768 nisi
696 3717 769 3786 quoii
789 3717 921 3770 Ualerius
938 3719 1015 3771 hier.
1035 3720 1119 3783 Vni,
1156 3724 1175 3774 7
1195 3732 1251 3778 ext.
1268 3721 1314 3773 2·

223 3809 360 3862 Cicerone
380 3823 413 3860 ea
431 3806 568 3876 sumpsit3
611 3824 676 3859 nam
697 3808 745 3878 qui
764 3809 840 3877 apud
865 3810 1023 3879 Diogenem
1047 3797 1252 3879 iuuentuti,
1284 3811 1314 3865 R

222 3899 384 3953 nominatur
402 3899 572 3951 Echecrates
593 3900 752 3964 Phliasius,
779 3901 995 3972 Pythagoreus,
1015 3905 1120 3974 Euryti
1142 3912 1171 3959 et
1192 3902 1314 3960 Philolai

223 3990 345 4054 auditor,
363 3991 436 4042 alius
454 4007 513 4043 esse
531 3992 644 4044 uidetur
663 3993 751 4045 etiam
771 3991 904 4048 Fabricio
926 3993 1001 4048 aiut.
1023 3995 1074 4048 Gr.
1097 3997 1109 4047 1
1129 4016 1155 4068 p.
1173 3996 1236 4053 813.
1285 3995 1313 4046 ia

223 4081 346 4151 epistula
366 4098 441 4132 noua
459 4100 492 4134 ex
511 4083 561 4146 iis,
594 4101 653 4151 quae
671 4068 786 4138 Platoni
804 4084 953 4156 suppositae
972 4095 1053 4150 sunt,
1076 4089 1247 4142 adulescens
1265 4087 1313 4140 ali·

222 4172 285 4243 quis
303 4172 473 4225 Echecrates
484 4171 596 4226 Platoni
615 4176 827 4230 commendatus
845 4176 1014 4230 nominatur.
1053 4180 1217 4242 (Anionem
1234 4180 1312 4234 Gaias

221 4283 253 4317 er
272 4265 333 4318 Eri.
352 4264 508 4334 proferens,
528 4282 542 4317 e
561 4264 636 4336 Spir.
657 4275 685 4320 et
703 4269 769 4324 Bas.
790 4268 862 4323 nihil
875 4270 1005 4325 adnotari
1026 4269 1087 4335 ait3
1109 4273 1185 4329 God.
1199 4277 1311 4341 uterque

222 4359 373 4423 Atrioncna
390 4357 502 4411 Monac.
523 4357 673 4427 Arionem.)
