2706 5018
350 379 411 447 ΕΤ
434 380 544 449 MAL.
565 378 651 446 LlB.
674 380 705 446 V
729 378 825 446 CAP.
849 381 899 443 re.
1107 381 1172 443 eeu

108 597 125 639 e
151 581 251 640 seinse
277 580 425 641 iniuriae
453 597 512 641 see
545 585 623 640 nete
642 576 768 653 faeere
798 579 849 653 (ut
880 577 927 639 eit
948 574 1055 658 ipse),
1096 574 1171 636 dens

108 679 151 744 iet
167 688 280 762 sriser,
304 685 457 747 inisnieue
478 685 548 765 ipee
570 681 635 745 sibi
657 681 820 766 putandus
843 694 903 744 est.
949 682 1001 743 29.
1024 680 1088 742 Sed
1112 679 1171 743 ulii

108 785 197 850 iniere
218 802 408 867 mouentur,
442 787 499 851 eiii
523 788 719 872 eupiditate3
759 787 927 850 iracundia
951 786 1050 848 etiem
1076 784 1171 849 inuiti

108 893 292 972 eeieruntur,
332 906 366 957 et
389 914 488 979 quern
512 895 546 957 in
571 893 660 957 suain
681 896 824 956 scientes
851 895 996 968 irruunt,
1042 905 1109 954 turn
1135 913 1172 955 ee

108 1008 216 1082 eqtuue
247 997 312 1063 sibi
343 998 517 1062 eeuuuiere
548 996 759 1062 arbitrentur.
830 996 944 1084 ltaque
976 998 1088 1061 dieunt
1111 1020 1172 1063 nee

108 1099 249 1168 dubitent:

176 1206 268 1272 Mihi
288 1214 436 1273 sie'uses
456 1217 523 1284 αῖς
547 1208 612 1272 tibi
634 1216 772 1293 etopus
794 1208 970 1287 estfacte,
983 1209 1082 1286 fece.

110 1307 160 1385 Qui
182 1316 243 1399 ipsi
264 1313 329 1378 eibi
350 1314 475 1378 bellurn
499 1315 718 1393 indixissent,
767 1317 907 1378 cruciari
931 1316 1022 1394 dieu,
1067 1318 1173 1380 noetis

110 1422 227 1504 torqueri
255 1419 398 1499 ueiieut,
444 1442 505 1484 nee
527 1443 606 1485 uero
629 1442 702 1485 sese
725 1423 789 1505 ipsi
813 1433 1005 1485 accusarent
1028 1420 1070 1485 eb
1098 1444 1172 1486 earn

150 1614 204 1668 nte)
218 1617 280 1659 node
295 1614 316 1658 B
330 1621 406 1673 ‘nae
422 1614 463 1660 οι.
491 1614 542 1673 ipse
556 1613 610 1666 sibi)
625 1614 673 1669 inst
686 1613 736 1657 siti
751 1613 771 1657 E
786 1613 837 1656 stit
850 1615 869 1658 c
898 1615 943 1666 est)
957 1628 1001 1661 ern.
1016 1616 1037 1659 ii
1091 1617 1126 1662 ts.
1142 1618 1176 1661 ir·

111 1689 256 1740 nesureese
270 1691 309 1734 uo
341 1691 399 1743 turn)
413 1696 495 1735 temen
509 1687 592 1735 nucu
621 1688 771 1742 deuenit
800 1701 855 1732 usus
871 1691 917 1742 est)
932 1697 968 1733 est
982 1692 1078 1735 usust!
1113 1694 1175 1738 isee.

111 1756 198 1817 0¹¹)sse
211 1768 270 1823 eqsi
281 1766 302 1811 Β
313 1768 389 1821 seeet
403 1767 459 1821 (sae
474 1766 524 1820 LO)
539 1766 611 1810 uelut
624 1765 676 1819 (sset
691 1764 721 1819 Ρ)
735 1766 777 1819 qest
790 1764 916 1811 laPORos.
944 1766 997 1821 sint)
1010 1767 1059 1811 etii
1073 1769 1175 1821 (tettan

110 1835 148 1879 m
157 1838 182 1895 1.)
203 1844 351 1897 munient)
364 1844 485 1888 seerssert
499 1843 629 1888 senentis

111 1997 201 2058 uidetur
217 2024 234 2060 e
253 2006 325 2061 Geie
345 2012 373 2061 et
390 2007 505 2074 ottone,
525 2007 573 2079 qui
593 2005 643 2061 niti
665 2005 821 2060 minumum
837 2014 946 2077 partem
965 2018 1176 2080 perspexerunt.

111 2088 192 2150 Mtte
208 2105 239 2151 et
259 2096 354 2151 omniu
375 2107 452 2152 rectu
471 2107 569 2153 ernnte
591 2099 686 2167 Neque
706 2101 792 2161 eninr,
811 2100 837 2151 si
851 2127 887 2141 -
905 2109 1039 2174 quierant,
1061 2110 1111 2155 net
1129 2105 1177 2157 iiie

110 2187 170 2249 ΙΜ
188 2189 342 2244 Terentium
359 2190 414 2248 dec.
467 2192 522 2245 Pre
543 2189 661 2244 ulterius
680 2191 792 2262 generis
817 2190 981 2246 definitione
1000 2212 1065 2247 enm
1084 2213 1178 2249 exeru-

112 2273 148 2339 ΡΙο
165 2281 230 2346 (eet,
252 2283 279 2335 si
295 2284 345 2351 qui
362 2283 501 2335 tatoribus
522 2300 552 2336 se
569 2290 682 2345 nexant,
705 2291 735 2336 et
754 2285 802 2336 iiie
820 2285 889 2352 dee.)
907 2284 999 2355 ipsum
1017 2292 1177 2360 exemplum

110 2360 188 2426 Cieese
203 2374 358 2440 substituit,
375 2381 413 2438 et,
432 2392 516 2443 quern
536 2377 591 2429 due
614 2385 707 2428 essent
723 2376 851 2430 subiecta
869 2379 968 2451 (neque
989 2380 1057 2431 enirn
1076 2382 1136 2443 iiii,
1155 2385 1181 2436 si

110 2457 253 2526 tsi-aet
272 2467 346 2533 iile),
376 2470 411 2521 ed
431 2467 564 2537 propius,
593 2476 624 2521 nt
645 2484 734 2536 sepe,
754 2468 911 2522 eretienenr
931 2471 1179 2532 adcommedeuit:

111 2544 215 2610 ⁵⁸1'tiens
232 2558 286 2612 dee.
323 2559 470 2624 (Deuisius
488 2565 537 2611 eret
555 2560 685 2623 teilebet,
704 2559 806 2611 deinde
821 2558 906 2611 scribi
925 2558 1058 2615 iubebat:
1077 2564 1182 2618 inimiei

111 2634 155 2705 itti
169 2649 218 2700 net
234 2651 356 2717 putendi
374 2659 438 2703 sunt
457 2653 504 2717 (Ι),
524 2668 575 2702 nee
594 2650 721 2710 uidebat,
742 2651 940 2703 Menedemum
961 2670 1015 2705 uon
1035 2671 1068 2706 es
1082 2672 1180 2712 serum

109 2742 196 2797 mese
214 2759 294 2806 esse,
312 2740 359 2811 qui
382 2741 498 2796 esitium
519 2742 698 2811 quererent.)

163 2831 203 2887 29.
238 2851 319 2902 quent
339 2863 370 2876 -
390 2837 508 2899 irruent,
528 2835 600 2900 tesi)
619 2832 789 2901 interipsum,
808 2849 895 2906 quesn.
929 2834 978 2888 Sie
995 2844 1073 2889 reete
1094 2837 1183 2893 Geius

108 2916 179 2977 “itus
195 2944 228 2980 es
254 2926 329 2996 Suis.
358 2933 386 2980 et
404 2928 478 2980 Gud.
507 2927 543 2987 2,·
579 2927 717 2978 edebatur
743 2923 816 2977 eninr
844 2931 943 2980 tamen.
998 2928 1056 2980 Pre
1073 2929 1183 2983 eruent

108 3007 177 3069 *ism
196 3020 263 3089 Uzqr
280 3025 309 3073 et
328 3020 402 3073 Peli.
421 3020 556 3088 pretori
585 3026 614 3071 et
632 3019 757 3087 quedem
773 3016 908 3070 editiones
928 3036 959 3071 ex
979 3019 1072 3089 prime
1090 3031 1183 3077 rorent.

108 3098 175 3169 Queri
191 3111 333 3181 sequitur:
354 3110 448 3162 dieunt
466 3127 514 3162 nee
533 3110 661 3162 dictitent
678 3109 798 3176 (dicere,
816 3108 844 3161 id
865 3117 924 3172 est,
943 3109 1039 3165 dieunt
1056 3130 1110 3165 nen
1131 3114 1183 3167 du-

108 3187 229 3271 flentes)
251 3203 391 3256 inutiliter
409 3200 580 3256 coniecturis
599 3206 770 3271 temptatum
790 3208 823 3255 st.
878 3202 952 3257 Dieit
970 3203 1010 3257 sie
1028 3206 1105 3273 apud
1124 3206 1184 3259 Te·

108 3294 217 3349 nstrum
235 3296 421 3350 Menedemus
439 3301 494 3347 set.
513 3295 528 3346 l
549 3312 585 3347 sc.
606 3295 621 3346 l
642 3311 670 3346 u.
683 3292 727 3346 28.

165 3387 220 3452 Qui
238 3389 294 3456 ipsi
312 3388 364 3439 siis'
382 3387 481 3439 beilum
500 3387 670 3451 indixissent,
691 3417 726 3427 -
745 3386 861 3453 uellent)
880 3386 1032 3457 Pestquenr
1051 3391 1185 3456 ostendit,

108 3481 160 3541 itt,
176 3479 224 3549 qui
244 3481 331 3548 ueige
352 3475 457 3530 inimici
475 3478 529 3545 ipsi
546 3479 600 3530 siiri
619 3480 796 3541 habeantur,
817 3496 872 3530 neu
891 3494 951 3530 esse
967 3479 1120 3546 eiusmodi,
1147 3481 1185 3535 si·

108 3566 211 3631 uident
228 3569 418 3624 cendieieueii
436 3569 574 3634 erutione,
592 3569 742 3639 quuiesiili
758 3569 847 3623 futuri
860 3570 976 3634 suerint,
994 3568 1074 3642 siqui
1087 3590 1187 3644 reapse

108 3656 150 3714 tei
175 3660 283 3716 isiuriei
301 3668 394 3716 essent
418 3662 528 3731 sibique
551 3662 659 3717 betium
683 3663 854 3717 indixissent.
906 3662 929 3715 ii
958 3664 1047 3717 nectis
1072 3663 1187 3735 diesque

108 3754 221 3825 squeri
241 3755 360 3818 uellent,
380 3770 431 3807 uec
448 3752 487 3817 s'e,
508 3764 538 3807 ut
557 3755 739 3807 Menedemus
758 3755 838 3816 iecit,
861 3763 1027 3807 accerserent
1044 3756 1097 3810 &n
1134 3758 1188 3810 Su·

108 3856 238 3901 neqeunt
257 3849 335 3900 hune
361 3847 454 3898 tecum
481 3847 540 3898 Eri.
569 3854 597 3899 et
615 3845 773 3917 Spirensis3
808 3862 874 3898 nem
893 3847 928 3898 de
947 3847 1047 3899 ceteris
1067 3855 1186 3902 teeetur.

108 3938 257 3992 Deteriores
274 3937 402 4002 eediees,
419 3938 516 3991 eddits
534 3955 604 3990 nece
622 3940 671 4006 (-
685 3941 769 4003 fece.-
791 3939 866 3990 uelut
883 3939 931 4010 qui
948 3939 1004 4005 ipsi
1020 3938 1108 4007 dte),
1124 3958 1189 3994 seu-

108 4030 214 4084 ssstissu
232 4048 348 4100 pressus
375 4048 486 4100 pessum
506 4030 654 4083 dederuut.
708 4029 767 4083 n'nt
785 4030 861 4082 feste
879 4029 939 4082 hee
956 4028 1094 4084 sententie
1111 4043 1138 4086 st
1156 4050 1190 4086 ee

108 4138 153 4178 ssu
177 4120 271 4176 innuis
292 4123 446 4176 uerborum
474 4119 622 4193 strepitus:
657 4120 717 4174 ”tii
745 4139 800 4174 nen
824 4138 892 4174 uere
921 4122 973 4193 ipsi
1000 4123 1054 4175 sibi
1079 4122 1189 4177 inimici

108 4224 181 4280 reete
195 4215 292 4284 itsque
310 4214 347 4282 (i)
365 4214 405 4268 sie
423 4216 556 4267 ineuntur
573 4215 652 4267 ueiut
668 4211 716 4285 qui
734 4212 788 4283 ipsi
805 4211 860 4266 silei
880 4214 988 4267 betium
1008 4215 1190 4268 indistsseet''

108 4304 143 4372 [id
160 4312 212 4372 est,
230 4307 311 4360 ueiut
328 4305 377 4378 qui
394 4305 448 4375 ipsi
465 4303 520 4358 sibi
537 4302 644 4359 inimici
664 4313 774 4370 esseut3
792 4306 857 4360 Pise
876 4307 960 4371 dieit,
977 4322 1024 4358 ees
1042 4305 1083 4358 sie
1102 4304 1190 4374 inqui,

108 4404 135 4451 st
149 4399 303 4470 sdpssest,
335 4416 383 4454 ees
400 4395 453 4454 etei
472 4398 620 4452 tessuiese
638 4398 728 4466 ueiie)
750 4398 799 4452 ''et
822 4400 901 4453 uelut
919 4397 974 4476 qui⁸
984 4413 1014 4450 se
1033 4413 1088 4450 nen
1107 4412 1190 4450 sceu-
