<?xml version="1.0" encoding="UTF-8"?>
<!DOCTYPE html PUBLIC "-//W3C//DTD XHTML 1.0 Transitional//EN"
    "http://www.w3.org/TR/xhtml1/DTD/xhtml1-transitional.dtd">
<html xmlns="http://www.w3.org/1999/xhtml" xml:lang="en" lang="en">
 <head>
  <title>
</title>
<meta http-equiv="Content-Type" content="text/html;charset=utf-8" />
  <meta name='ocr-system' content='tesseract 3.04.00' />
  <meta name='ocr-capabilities' content='ocr_page ocr_carea ocr_par ocr_line ocrx_word'/>
</head>
<body>
  <div class='ocr_page' id='page_1' title='image "./mtulliciceronis00madvgoog_0026.png"; bbox 0 0 2730 5016; ppageno 0'>
   <div class='ocr_carea' id='block_1_1' title="bbox 546 339 1229 418">
    <p class='ocr_par' dir='ltr' id='par_1_1' title="bbox 546 339 1229 418">
     <span class='ocr_line' id='line_1_1' title="bbox 546 339 1229 418; baseline 0.018 -12"><span class='ocrx_word' id='word_1_1' title='bbox 546 339 801 409; x_wconf 66' lang='lat' dir='ltr'><strong>ramatum.</strong></span> <span class='ocrx_word' id='word_1_2' title='bbox 1158 353 1229 418; x_wconf 88' lang='lat' dir='ltr'><strong>XV</strong></span> 
     </span>
    </p>
   </div>
   <div class='ocr_carea' id='block_1_2' title="bbox 219 520 1226 618">
    <p class='ocr_par' dir='ltr' id='par_1_2' title="bbox 219 520 1226 618">
     <span class='ocr_line' id='line_1_2' title="bbox 219 520 1226 618; baseline 0.014 -33"><span class='ocrx_word' id='word_1_3' title='bbox 219 520 283 587; x_wconf 90' lang='lat' dir='ltr'><strong>lam</strong></span> <span class='ocrx_word' id='word_1_4' title='bbox 303 535 384 590; x_wconf 86' lang='lat' dir='ltr'><strong>anto</strong></span> <span class='ocrx_word' id='word_1_5' title='bbox 407 522 574 590; x_wconf 77' lang='lat' dir='ltr'><strong>(locrensi</strong></span> <span class='ocrx_word' id='word_1_6' title='bbox 596 525 774 591; x_wconf 87' lang='lat' dir='ltr'><strong>editionem</strong></span> <span class='ocrx_word' id='word_1_7' title='bbox 795 526 832 592; x_wconf 75' lang='lat' dir='ltr'><strong>F.</strong></span> <span class='ocrx_word' id='word_1_8' title='bbox 855 526 896 594; x_wconf 85' lang='lat' dir='ltr'><strong>U.</strong></span> <span class='ocrx_word' id='word_1_9' title='bbox 916 528 1024 608; x_wconf 77' lang='lat' dir='ltr'><strong>Alter,</strong></span> <span class='ocrx_word' id='word_1_10' title='bbox 1045 551 1144 618; x_wconf 91' lang='lat' dir='ltr'><strong>quom</strong></span> <span class='ocrx_word' id='word_1_11' title='bbox 1166 533 1226 599; x_wconf 86' lang='lat' dir='ltr'><strong>hos</strong></span> 
     </span>
    </p>
   </div>
   <div class='ocr_carea' id='block_1_3' title="bbox 128 623 1260 3911">
    <p class='ocr_par' dir='ltr' id='par_1_3' title="bbox 137 623 1260 1359">
     <span class='ocr_line' id='line_1_3' title="bbox 149 623 1225 712; baseline 0.015 -24"><span class='ocrx_word' id='word_1_12' title='bbox 149 623 230 690; x_wconf 89' lang='lat' dir='ltr'><strong>libros</strong></span> <span class='ocrx_word' id='word_1_13' title='bbox 249 651 323 695; x_wconf 92' lang='lat' dir='ltr'><strong>cam</strong></span> <span class='ocrx_word' id='word_1_14' title='bbox 346 630 577 710; x_wconf 77' lang='lat' dir='ltr'><strong>Academicis,</strong></span> <span class='ocrx_word' id='word_1_15' title='bbox 600 629 821 712; x_wconf 74' lang='lat' dir='ltr'><strong>Tusculanis,</strong></span> <span class='ocrx_word' id='word_1_16' title='bbox 851 632 968 700; x_wconf 88' lang='lat' dir='ltr'><strong>libello</strong></span> <span class='ocrx_word' id='word_1_17' title='bbox 988 637 1028 702; x_wconf 89' lang='lat' dir='ltr'><strong>dc</strong></span> <span class='ocrx_word' id='word_1_18' title='bbox 1052 638 1122 703; x_wconf 84' lang='lat' dir='ltr'><strong>lato</strong></span> <span class='ocrx_word' id='word_1_19' title='bbox 1144 639 1225 705; x_wconf 93' lang='lat' dir='ltr'><strong>Uin-</strong></span> 
     </span>
     <span class='ocr_line' id='line_1_4' title="bbox 144 732 1260 818; baseline 0.014 -23"><span class='ocrx_word' id='word_1_20' title='bbox 144 732 260 798; x_wconf 82' lang='lat' dir='ltr'><strong>dobonae</strong></span> <span class='ocrx_word' id='word_1_21' title='bbox 282 758 314 800; x_wconf 83' lang='lat' dir='ltr'><strong>a.</strong></span> <span class='ocrx_word' id='word_1_22' title='bbox 338 740 427 802; x_wconf 75' lang='lat'><strong>178⁰</strong></span> <span class='ocrx_word' id='word_1_23' title='bbox 452 739 584 818; x_wconf 87' lang='lat' dir='ltr'><strong>ederet,</strong></span> <span class='ocrx_word' id='word_1_24' title='bbox 621 741 655 804; x_wconf 94' lang='lat' dir='ltr'><strong>in</strong></span> <span class='ocrx_word' id='word_1_25' title='bbox 679 738 775 804; x_wconf 88' lang='lat' dir='ltr'><strong>libris</strong></span> <span class='ocrx_word' id='word_1_26' title='bbox 799 741 840 804; x_wconf 92' lang='lat' dir='ltr'><strong>dc</strong></span> <span class='ocrx_word' id='word_1_27' title='bbox 864 738 986 807; x_wconf 89' lang='lat' dir='ltr'><strong>finibus</strong></span> <span class='ocrx_word' id='word_1_28' title='bbox 1009 745 1225 811; x_wconf 87' lang='lat' dir='ltr'><strong>adnotaoerat</strong></span> <span class='ocrx_word' id='word_1_29' title='bbox 1254 758 1260 765; x_wconf 86' lang='lat'>&#39;</span> 
     </span>
     <span class='ocr_line' id='line_1_5' title="bbox 142 840 1223 933; baseline 0.016 -31"><span class='ocrx_word' id='word_1_30' title='bbox 142 840 382 927; x_wconf 86' lang='lat' dir='ltr'><strong>discrepantiam</strong></span> <span class='ocrx_word' id='word_1_31' title='bbox 420 848 589 933; x_wconf 72' lang='lat' dir='ltr'><strong>scripturae</strong></span> <span class='ocrx_word' id='word_1_32' title='bbox 619 869 638 910; x_wconf 90' lang='lat' dir='ltr'><strong>e</strong></span> <span class='ocrx_word' id='word_1_33' title='bbox 667 848 779 912; x_wconf 87' lang='lat' dir='ltr'><strong>codice</strong></span> <span class='ocrx_word' id='word_1_34' title='bbox 810 846 1069 915; x_wconf 88' lang='lat' dir='ltr'><strong>Uindobonensi.</strong></span> <span class='ocrx_word' id='word_1_35' title='bbox 1140 852 1223 920; x_wconf 85' lang='lat' dir='ltr'><strong>Eam</strong></span> 
     </span>
     <span class='ocr_line' id='line_1_6' title="bbox 141 947 1223 1043; baseline 0.012 -34"><span class='ocrx_word' id='word_1_36' title='bbox 141 947 303 1014; x_wconf 85' lang='lat' dir='ltr'><strong>aditionem</strong></span> <span class='ocrx_word' id='word_1_37' title='bbox 331 973 397 1016; x_wconf 94' lang='lat' dir='ltr'><strong>non</strong></span> <span class='ocrx_word' id='word_1_38' title='bbox 415 954 484 1016; x_wconf 89' lang='lat' dir='ltr'><strong>uidi</strong></span> <span class='ocrx_word' id='word_1_39' title='bbox 511 975 572 1017; x_wconf 88' lang='lat' dir='ltr'><strong>nec</strong></span> <span class='ocrx_word' id='word_1_40' title='bbox 594 952 706 1018; x_wconf 85' lang='lat' dir='ltr'><strong>uidere</strong></span> <span class='ocrx_word' id='word_1_41' title='bbox 728 954 860 1030; x_wconf 90' lang='lat' dir='ltr'><strong>curaui,</strong></span> <span class='ocrx_word' id='word_1_42' title='bbox 884 976 980 1040; x_wconf 90' lang='lat' dir='ltr'><strong>quom</strong></span> <span class='ocrx_word' id='word_1_43' title='bbox 1005 976 1048 1020; x_wconf 88' lang='lat' dir='ltr'><strong>ex</strong></span> <span class='ocrx_word' id='word_1_44' title='bbox 1072 958 1126 1036; x_wconf 88' lang='lat' dir='ltr'><strong>iis,</strong></span> <span class='ocrx_word' id='word_1_45' title='bbox 1151 979 1223 1043; x_wconf 85' lang='lat' dir='ltr'><strong>quse</strong></span> 
     </span>
     <span class='ocr_line' id='line_1_7' title="bbox 140 1050 1220 1147; baseline 0.014 -32"><span class='ocrx_word' id='word_1_46' title='bbox 140 1050 333 1120; x_wconf 79' lang='lat' dir='ltr'><strong>Goerenuius</strong></span> <span class='ocrx_word' id='word_1_47' title='bbox 354 1059 432 1123; x_wconf 86' lang='lat' dir='ltr'><strong>inde</strong></span> <span class='ocrx_word' id='word_1_48' title='bbox 458 1062 728 1145; x_wconf 74' lang='lat' dir='ltr'><strong>transcripserat,</strong></span> <span class='ocrx_word' id='word_1_49' title='bbox 758 1059 988 1147; x_wconf 78' lang='lat' dir='ltr'><strong>intellegerem</strong></span> <span class='ocrx_word' id='word_1_50' title='bbox 1010 1062 1154 1128; x_wconf 85' lang='lat' dir='ltr'><strong>codicem</strong></span> <span class='ocrx_word' id='word_1_51' title='bbox 1178 1086 1220 1130; x_wconf 84' lang='lat' dir='ltr'><strong>ex</strong></span> 
     </span>
     <span class='ocr_line' id='line_1_8' title="bbox 137 1159 1222 1252; baseline 0.012 -30"><span class='ocrx_word' id='word_1_52' title='bbox 137 1159 239 1226; x_wconf 83' lang='lat' dir='ltr'><strong>infimo</strong></span> <span class='ocrx_word' id='word_1_53' title='bbox 261 1185 389 1248; x_wconf 84' lang='lat' dir='ltr'><strong>genera</strong></span> <span class='ocrx_word' id='word_1_54' title='bbox 411 1165 684 1252; x_wconf 85' lang='lat' dir='ltr'><strong>interpolatorum</strong></span> <span class='ocrx_word' id='word_1_55' title='bbox 708 1187 801 1245; x_wconf 88' lang='lat' dir='ltr'><strong>esse,</strong></span> <span class='ocrx_word' id='word_1_56' title='bbox 836 1165 987 1231; x_wconf 81' lang='lat' dir='ltr'><strong>Alterum</strong></span> <span class='ocrx_word' id='word_1_57' title='bbox 1011 1180 1120 1232; x_wconf 90' lang='lat' dir='ltr'><strong>autem</strong></span> <span class='ocrx_word' id='word_1_58' title='bbox 1144 1193 1222 1235; x_wconf 89' lang='lat' dir='ltr'><strong>oon-</strong></span> 
     </span>
     <span class='ocr_line' id='line_1_9' title="bbox 137 1271 1201 1359; baseline 0.01 -32"><span class='ocrx_word' id='word_1_59' title='bbox 137 1280 227 1332; x_wconf 87' lang='lat' dir='ltr'><strong>staret</strong></span> <span class='ocrx_word' id='word_1_60' title='bbox 252 1271 287 1332; x_wconf 90' lang='lat' dir='ltr'><strong>in</strong></span> <span class='ocrx_word' id='word_1_61' title='bbox 310 1271 479 1336; x_wconf 89' lang='lat' dir='ltr'><strong>codicibus</strong></span> <span class='ocrx_word' id='word_1_62' title='bbox 502 1274 709 1337; x_wconf 84' lang='lat' dir='ltr'><strong>conferendis</strong></span> <span class='ocrx_word' id='word_1_63' title='bbox 731 1294 846 1359; x_wconf 89' lang='lat' dir='ltr'><strong>parum</strong></span> <span class='ocrx_word' id='word_1_64' title='bbox 870 1272 1064 1359; x_wconf 76' lang='lat' dir='ltr'><strong>diligentem</strong></span> <span class='ocrx_word' id='word_1_65' title='bbox 1087 1275 1201 1338; x_wconf 79' lang='lat' dir='ltr'><strong>laicae.</strong></span> 
     </span>
    </p>

    <p class='ocr_par' dir='ltr' id='par_1_4' title="bbox 132 1373 1221 1868">
     <span class='ocr_line' id='line_1_10' title="bbox 217 1373 1221 1465; baseline 0.008 -28"><span class='ocrx_word' id='word_1_66' title='bbox 217 1374 254 1437; x_wconf 75' lang='lat' dir='ltr'><strong>F.</strong></span> <span class='ocrx_word' id='word_1_67' title='bbox 279 1373 322 1440; x_wconf 83' lang='lat' dir='ltr'><strong>U.</strong></span> <span class='ocrx_word' id='word_1_68' title='bbox 347 1377 428 1443; x_wconf 92' lang='lat' dir='ltr'><strong>Otto</strong></span> <span class='ocrx_word' id='word_1_69' title='bbox 448 1381 558 1463; x_wconf 72' lang='lat'>(1831)</span> <span class='ocrx_word' id='word_1_70' title='bbox 577 1380 723 1444; x_wconf 86' lang='lat' dir='ltr'><strong>codicem</strong></span> <span class='ocrx_word' id='word_1_71' title='bbox 737 1378 1054 1465; x_wconf 78' lang='lat' dir='ltr'><strong>Guelferbytanum,</strong></span> <span class='ocrx_word' id='word_1_72' title='bbox 1081 1380 1221 1445; x_wconf 88' lang='lat' dir='ltr'><strong>antebac</strong></span> 
     </span>
     <span class='ocr_line' id='line_1_11' title="bbox 136 1480 1218 1565; baseline 0.009 -24"><span class='ocrx_word' id='word_1_73' title='bbox 136 1500 192 1543; x_wconf 91' lang='lat' dir='ltr'><strong>nou</strong></span> <span class='ocrx_word' id='word_1_74' title='bbox 216 1480 397 1560; x_wconf 90' lang='lat' dir='ltr'><strong>conlatum,</strong></span> <span class='ocrx_word' id='word_1_75' title='bbox 421 1485 596 1565; x_wconf 87' lang='lat' dir='ltr'><strong>&#39;&#39;malum‚”</strong></span> <span class='ocrx_word' id='word_1_76' title='bbox 616 1499 743 1551; x_wconf 87' lang='lat' dir='ltr'><strong>tantum</strong></span> <span class='ocrx_word' id='word_1_77' title='bbox 762 1487 814 1551; x_wconf 90' lang='lat' dir='ltr'><strong>”in</strong></span> <span class='ocrx_word' id='word_1_78' title='bbox 837 1485 1053 1552; x_wconf 85' lang='lat' dir='ltr'><strong>dilficillurnis</strong></span> <span class='ocrx_word' id='word_1_79' title='bbox 1075 1486 1218 1552; x_wconf 88' lang='lat' dir='ltr'><strong>locisin-</strong></span> 
     </span>
     <span class='ocr_line' id='line_1_12' title="bbox 134 1591 1220 1680; baseline 0.005 -28"><span class='ocrx_word' id='word_1_80' title='bbox 134 1593 239 1674; x_wconf 81' lang='lat' dir='ltr'><strong>spexit</strong></span> <span class='ocrx_word' id='word_1_81' title='bbox 250 1593 282 1670; x_wconf 85' lang='lat'><strong>,&#39;’</strong></span> <span class='ocrx_word' id='word_1_82' title='bbox 304 1595 338 1656; x_wconf 91' lang='lat' dir='ltr'><strong>in</strong></span> <span class='ocrx_word' id='word_1_83' title='bbox 363 1591 483 1676; x_wconf 86' lang='lat' dir='ltr'><strong>quibus</strong></span> <span class='ocrx_word' id='word_1_84' title='bbox 504 1592 559 1658; x_wconf 88' lang='lat' dir='ltr'><strong>uel</strong></span> <span class='ocrx_word' id='word_1_85' title='bbox 581 1614 738 1657; x_wconf 83' lang='lat' dir='ltr'><strong>maxume</strong></span> <span class='ocrx_word' id='word_1_86' title='bbox 761 1594 961 1660; x_wconf 85' lang='lat' dir='ltr'><strong>remouenda</strong></span> <span class='ocrx_word' id='word_1_87' title='bbox 982 1604 1057 1657; x_wconf 85' lang='lat' dir='ltr'><strong>sunt</strong></span> <span class='ocrx_word' id='word_1_88' title='bbox 1077 1596 1220 1680; x_wconf 87' lang='lat' dir='ltr'><strong>interpo-</strong></span> 
     </span>
     <span class='ocr_line' id='line_1_13' title="bbox 134 1694 1220 1765; baseline 0.006 -6"><span class='ocrx_word' id='word_1_89' title='bbox 134 1694 264 1762; x_wconf 74' lang='lat' dir='ltr'><strong>lationis</strong></span> <span class='ocrx_word' id='word_1_90' title='bbox 293 1713 328 1762; x_wconf 90' lang='lat' dir='ltr'><strong>et</strong></span> <span class='ocrx_word' id='word_1_91' title='bbox 360 1701 556 1763; x_wconf 76' lang='lat' dir='ltr'><strong>coniecturae</strong></span> <span class='ocrx_word' id='word_1_92' title='bbox 586 1697 797 1763; x_wconf 91' lang='lat' dir='ltr'><strong>librariorum</strong></span> <span class='ocrx_word' id='word_1_93' title='bbox 828 1702 1137 1765; x_wconf 87' lang='lat' dir='ltr'><strong>recentissumorum</strong></span> <span class='ocrx_word' id='word_1_94' title='bbox 1169 1700 1220 1765; x_wconf 91' lang='lat' dir='ltr'><strong>lu·</strong></span> 
     </span>
     <span class='ocr_line' id='line_1_14' title="bbox 132 1803 243 1868; baseline 0.027 -3"><span class='ocrx_word' id='word_1_95' title='bbox 132 1803 243 1868; x_wconf 80' lang='lat' dir='ltr'><strong>libris.</strong></span> 
     </span>
    </p>

    <p class='ocr_par' dir='ltr' id='par_1_5' title="bbox 131 1909 1221 2614">
     <span class='ocr_line' id='line_1_15' title="bbox 218 1909 1221 1997; baseline 0.004 -23"><span class='ocrx_word' id='word_1_96' title='bbox 218 1909 435 1975; x_wconf 80' lang='lat' dir='ltr'><strong>Manifestum</strong></span> <span class='ocrx_word' id='word_1_97' title='bbox 461 1923 491 1974; x_wconf 85' lang='lat' dir='ltr'><strong>st</strong></span> <span class='ocrx_word' id='word_1_98' title='bbox 512 1933 555 1976; x_wconf 85' lang='lat' dir='ltr'><strong>ex</strong></span> <span class='ocrx_word' id='word_1_99' title='bbox 580 1913 640 1989; x_wconf 88' lang='lat' dir='ltr'><strong>iis,</strong></span> <span class='ocrx_word' id='word_1_100' title='bbox 665 1931 736 1997; x_wconf 84' lang='lat' dir='ltr'><strong>quse</strong></span> <span class='ocrx_word' id='word_1_101' title='bbox 761 1911 853 1991; x_wconf 84' lang='lat' dir='ltr'><strong>dixi,</strong></span> <span class='ocrx_word' id='word_1_102' title='bbox 890 1913 922 1976; x_wconf 86' lang='lat' dir='ltr'><strong>iu</strong></span> <span class='ocrx_word' id='word_1_103' title='bbox 944 1922 1067 1997; x_wconf 87' lang='lat' dir='ltr'><strong>quanta</strong></span> <span class='ocrx_word' id='word_1_104' title='bbox 1089 1912 1221 1997; x_wconf 87' lang='lat' dir='ltr'><strong>ignora·</strong></span> 
     </span>
     <span class='ocr_line' id='line_1_16' title="bbox 135 2015 1220 2105; baseline 0.005 -27"><span class='ocrx_word' id='word_1_105' title='bbox 135 2017 218 2079; x_wconf 86' lang='lat' dir='ltr'><strong>tione</strong></span> <span class='ocrx_word' id='word_1_106' title='bbox 240 2030 300 2080; x_wconf 91' lang='lat' dir='ltr'><strong>aut</strong></span> <span class='ocrx_word' id='word_1_107' title='bbox 322 2015 528 2082; x_wconf 89' lang='lat' dir='ltr'><strong>dubitatione</strong></span> <span class='ocrx_word' id='word_1_108' title='bbox 550 2031 607 2082; x_wconf 92' lang='lat' dir='ltr'><strong>aut</strong></span> <span class='ocrx_word' id='word_1_109' title='bbox 631 2020 730 2083; x_wconf 87' lang='lat' dir='ltr'><strong>etiam</strong></span> <span class='ocrx_word' id='word_1_110' title='bbox 753 2021 785 2082; x_wconf 91' lang='lat' dir='ltr'><strong>in</strong></span> <span class='ocrx_word' id='word_1_111' title='bbox 812 2031 935 2104; x_wconf 87' lang='lat' dir='ltr'><strong>quanto</strong></span> <span class='ocrx_word' id='word_1_112' title='bbox 959 2039 1070 2083; x_wconf 90' lang='lat' dir='ltr'><strong>errore</strong></span> <span class='ocrx_word' id='word_1_113' title='bbox 1094 2019 1138 2097; x_wconf 93' lang='lat' dir='ltr'><strong>ii,</strong></span> <span class='ocrx_word' id='word_1_114' title='bbox 1165 2021 1220 2105; x_wconf 87' lang='lat' dir='ltr'><strong>qui</strong></span> 
     </span>
     <span class='ocr_line' id='line_1_17' title="bbox 131 2121 1221 2210; baseline 0.003 -25"><span class='ocrx_word' id='word_1_115' title='bbox 131 2122 234 2200; x_wconf 80' lang='lat' dir='ltr'><strong>adhuc</strong></span> <span class='ocrx_word' id='word_1_116' title='bbox 260 2122 430 2188; x_wconf 87' lang='lat' dir='ltr'><strong>codicibus</strong></span> <span class='ocrx_word' id='word_1_117' title='bbox 455 2126 505 2189; x_wconf 96' lang='lat' dir='ltr'><strong>usi</strong></span> <span class='ocrx_word' id='word_1_118' title='bbox 529 2138 622 2204; x_wconf 83' lang='lat' dir='ltr'><strong>sunt,</strong></span> <span class='ocrx_word' id='word_1_119' title='bbox 645 2147 758 2191; x_wconf 86' lang='lat' dir='ltr'><strong>eorum</strong></span> <span class='ocrx_word' id='word_1_120' title='bbox 783 2126 976 2210; x_wconf 85' lang='lat' dir='ltr'><strong>scripturam</strong></span> <span class='ocrx_word' id='word_1_121' title='bbox 1003 2121 1115 2188; x_wconf 87' lang='lat' dir='ltr'><strong>multis</strong></span> <span class='ocrx_word' id='word_1_122' title='bbox 1137 2122 1221 2189; x_wconf 89' lang='lat' dir='ltr'><strong>locis</strong></span> 
     </span>
     <span class='ocr_line' id='line_1_18' title="bbox 132 2229 1220 2318; baseline 0.004 -26"><span class='ocrx_word' id='word_1_123' title='bbox 132 2229 345 2315; x_wconf 86' lang='lat' dir='ltr'><strong>reliquerint,</strong></span> <span class='ocrx_word' id='word_1_124' title='bbox 387 2253 426 2295; x_wconf 91' lang='lat' dir='ltr'><strong>ac</strong></span> <span class='ocrx_word' id='word_1_125' title='bbox 459 2253 562 2317; x_wconf 84' lang='lat' dir='ltr'><strong>prope</strong></span> <span class='ocrx_word' id='word_1_126' title='bbox 592 2234 697 2318; x_wconf 83' lang='lat' dir='ltr'><strong>magis</strong></span> <span class='ocrx_word' id='word_1_127' title='bbox 729 2230 889 2295; x_wconf 89' lang='lat' dir='ltr'><strong>bonorum</strong></span> <span class='ocrx_word' id='word_1_128' title='bbox 919 2252 1016 2315; x_wconf 88' lang='lat' dir='ltr'><strong>quam</strong></span> <span class='ocrx_word' id='word_1_129' title='bbox 1047 2231 1220 2312; x_wconf 87' lang='lat' dir='ltr'><strong>malorum,</strong></span> 
     </span>
     <span class='ocr_line' id='line_1_19' title="bbox 131 2336 1220 2424; baseline 0.002 -24"><span class='ocrx_word' id='word_1_130' title='bbox 131 2359 270 2421; x_wconf 86' lang='lat' dir='ltr'><strong>quorum</strong></span> <span class='ocrx_word' id='word_1_131' title='bbox 293 2339 518 2401; x_wconf 90' lang='lat' dir='ltr'><strong>testimonium</strong></span> <span class='ocrx_word' id='word_1_132' title='bbox 543 2336 654 2424; x_wconf 86' lang='lat' dir='ltr'><strong>aliquo</strong></span> <span class='ocrx_word' id='word_1_133' title='bbox 685 2339 782 2403; x_wconf 94' lang='lat' dir='ltr'><strong>modo</strong></span> <span class='ocrx_word' id='word_1_134' title='bbox 805 2359 851 2403; x_wconf 86' lang='lat' dir='ltr'><strong>ex</strong></span> <span class='ocrx_word' id='word_1_135' title='bbox 885 2336 1136 2403; x_wconf 77' lang='lat' dir='ltr'><strong>oxoniensibus</strong></span> <span class='ocrx_word' id='word_1_136' title='bbox 1166 2360 1220 2402; x_wconf 90' lang='lat' dir='ltr'><strong>oo·</strong></span> 
     </span>
     <span class='ocr_line' id='line_1_20' title="bbox 131 2442 1221 2529; baseline 0.001 -22"><span class='ocrx_word' id='word_1_137' title='bbox 131 2445 241 2529; x_wconf 83' lang='lat' dir='ltr'><strong>gnosci</strong></span> <span class='ocrx_word' id='word_1_138' title='bbox 258 2456 398 2528; x_wconf 89' lang='lat' dir='ltr'><strong>poterat.</strong></span> <span class='ocrx_word' id='word_1_139' title='bbox 410 2445 435 2528; x_wconf 87' lang='lat'><strong>¹)</strong></span> <span class='ocrx_word' id='word_1_140' title='bbox 469 2442 584 2529; x_wconf 88' lang='lat' dir='ltr'><strong>ltaque</strong></span> <span class='ocrx_word' id='word_1_141' title='bbox 598 2443 674 2509; x_wconf 88' lang='lat' dir='ltr'><strong>huic</strong></span> <span class='ocrx_word' id='word_1_142' title='bbox 691 2444 778 2511; x_wconf 93' lang='lat' dir='ltr'><strong>malo</strong></span> <span class='ocrx_word' id='word_1_143' title='bbox 799 2456 876 2508; x_wconf 89' lang='lat' dir='ltr'><strong>ante</strong></span> <span class='ocrx_word' id='word_1_144' title='bbox 889 2446 1000 2508; x_wconf 89' lang='lat' dir='ltr'><strong>omnia</strong></span> <span class='ocrx_word' id='word_1_145' title='bbox 1020 2443 1221 2509; x_wconf 80' lang='lat' dir='ltr'><strong>subuenien-</strong></span> 
     </span>
     <span class='ocr_line' id='line_1_21' title="bbox 131 2551 311 2614; baseline 0 -2"><span class='ocrx_word' id='word_1_146' title='bbox 131 2551 202 2614; x_wconf 90' lang='lat' dir='ltr'><strong>dum</strong></span> <span class='ocrx_word' id='word_1_147' title='bbox 228 2563 311 2614; x_wconf 84' lang='lat' dir='ltr'><strong>erat.</strong></span> 
     </span>
    </p>

    <p class='ocr_par' dir='ltr' id='par_1_6' title="bbox 128 2636 1225 3911">
     <span class='ocr_line' id='line_1_22' title="bbox 216 2636 1221 2743; baseline -0.003 -22"><span class='ocrx_word' id='word_1_148' title='bbox 216 2660 235 2733; x_wconf 68' lang='grc' dir='ltr'>ἱ</span> <span class='ocrx_word' id='word_1_149' title='bbox 254 2658 290 2721; x_wconf 82' lang='grc'><strong>2.</strong></span> <span class='ocrx_word' id='word_1_150' title='bbox 338 2636 414 2739; x_wconf 83' lang='lat' dir='ltr'><strong>lplse</strong></span> <span class='ocrx_word' id='word_1_151' title='bbox 437 2656 539 2740; x_wconf 88' lang='lat' dir='ltr'><strong>igitur</strong></span> <span class='ocrx_word' id='word_1_152' title='bbox 562 2657 724 2741; x_wconf 89' lang='lat' dir='ltr'><strong>primum,</strong></span> <span class='ocrx_word' id='word_1_153' title='bbox 754 2657 840 2743; x_wconf 89' lang='lat' dir='ltr'><strong>quod</strong></span> <span class='ocrx_word' id='word_1_154' title='bbox 860 2657 953 2742; x_wconf 85' lang='lat' dir='ltr'><strong>quasi</strong></span> <span class='ocrx_word' id='word_1_155' title='bbox 974 2654 1221 2720; x_wconf 73' lang='lat' dir='ltr'><strong>fundamentum</strong></span> 
     </span>
     <span class='ocr_line' id='line_1_23' title="bbox 130 2759 1222 2850; baseline 0 -27"><span class='ocrx_word' id='word_1_156' title='bbox 130 2776 158 2824; x_wconf 87' lang='lat' dir='ltr'><strong>st</strong></span> <span class='ocrx_word' id='word_1_157' title='bbox 179 2761 280 2825; x_wconf 87' lang='lat' dir='ltr'><strong>buius</strong></span> <span class='ocrx_word' id='word_1_158' title='bbox 305 2760 479 2838; x_wconf 87' lang='lat' dir='ltr'><strong>editionis,</strong></span> <span class='ocrx_word' id='word_1_159' title='bbox 502 2782 581 2825; x_wconf 85' lang='lat' dir='ltr'><strong>usus</strong></span> <span class='ocrx_word' id='word_1_160' title='bbox 605 2784 677 2826; x_wconf 91' lang='lat' dir='ltr'><strong>sum</strong></span> <span class='ocrx_word' id='word_1_161' title='bbox 698 2765 869 2850; x_wconf 85' lang='lat' dir='ltr'><strong>scripturis</strong></span> <span class='ocrx_word' id='word_1_162' title='bbox 892 2763 1013 2826; x_wconf 88' lang='lat' dir='ltr'><strong>codicis</strong></span> <span class='ocrx_word' id='word_1_163' title='bbox 1034 2759 1222 2844; x_wconf 78' lang='lat' dir='ltr'><strong>Erlungen-</strong></span> 
     </span>
     <span class='ocr_line' id='line_1_24' title="bbox 128 2866 1223 2953; baseline 0 -23"><span class='ocrx_word' id='word_1_164' title='bbox 128 2876 172 2933; x_wconf 81' lang='lat' dir='ltr'><strong>sis</strong></span> <span class='ocrx_word' id='word_1_165' title='bbox 193 2880 289 2932; x_wconf 87' lang='lat' dir='ltr'><strong>tauta</strong></span> <span class='ocrx_word' id='word_1_166' title='bbox 312 2866 499 2953; x_wconf 85' lang='lat' dir='ltr'><strong>diligentia,</strong></span> <span class='ocrx_word' id='word_1_167' title='bbox 522 2870 583 2931; x_wconf 90' lang='lat' dir='ltr'><strong>uix</strong></span> <span class='ocrx_word' id='word_1_168' title='bbox 604 2881 642 2932; x_wconf 88' lang='lat' dir='ltr'><strong>ut</strong></span> <span class='ocrx_word' id='word_1_169' title='bbox 664 2872 770 2933; x_wconf 88' lang='lat' dir='ltr'><strong>maior</strong></span> <span class='ocrx_word' id='word_1_170' title='bbox 792 2869 900 2953; x_wconf 87' lang='lat' dir='ltr'><strong>optari</strong></span> <span class='ocrx_word' id='word_1_171' title='bbox 923 2867 1087 2951; x_wconf 90' lang='lat' dir='ltr'><strong>potuerit,</strong></span> <span class='ocrx_word' id='word_1_172' title='bbox 1110 2878 1223 2930; x_wconf 86' lang='lat' dir='ltr'><strong>enota-</strong></span> 
     </span>
     <span class='ocr_line' id='line_1_25' title="bbox 132 2968 1224 3060; baseline -0.003 -21"><span class='ocrx_word' id='word_1_173' title='bbox 132 2978 194 3054; x_wconf 87' lang='lat' dir='ltr'><strong>tis,</strong></span> <span class='ocrx_word' id='word_1_174' title='bbox 216 2987 360 3060; x_wconf 86' lang='lat' dir='ltr'><strong>rogante</strong></span> <span class='ocrx_word' id='word_1_175' title='bbox 382 2995 457 3038; x_wconf 86' lang='lat' dir='ltr'><strong>mea</strong></span> <span class='ocrx_word' id='word_1_176' title='bbox 478 2994 594 3038; x_wconf 89' lang='lat' dir='ltr'><strong>caussa</strong></span> <span class='ocrx_word' id='word_1_177' title='bbox 616 2973 657 3040; x_wconf 88' lang='lat' dir='ltr'><strong>U.</strong></span> <span class='ocrx_word' id='word_1_178' title='bbox 681 2974 732 3039; x_wconf 86' lang='lat' dir='ltr'><strong>cl.</strong></span> <span class='ocrx_word' id='word_1_179' title='bbox 754 2971 990 3046; x_wconf 84' lang='lat' dir='ltr'><strong>Doederlinio,</strong></span> <span class='ocrx_word' id='word_1_180' title='bbox 1018 2968 1059 3033; x_wconf 87' lang='lat' dir='ltr'><strong>ab</strong></span> <span class='ocrx_word' id='word_1_181' title='bbox 1082 2973 1224 3053; x_wconf 83' lang='lat' dir='ltr'><strong>optumis</strong></span> 
     </span>
     <span class='ocr_line' id='line_1_26' title="bbox 130 3075 1224 3157; baseline -0.005 -12"><span class='ocrx_word' id='word_1_182' title='bbox 130 3080 327 3157; x_wconf 88' lang='lat' dir='ltr'><strong>iuuenibus,</strong></span> <span class='ocrx_word' id='word_1_183' title='bbox 367 3080 516 3144; x_wconf 78' lang='lat' dir='ltr'><strong>Sertorio</strong></span> <span class='ocrx_word' id='word_1_184' title='bbox 538 3093 571 3143; x_wconf 88' lang='lat' dir='ltr'><strong>et</strong></span> <span class='ocrx_word' id='word_1_185' title='bbox 593 3080 728 3145; x_wconf 85' lang='lat' dir='ltr'><strong>Fritsio.</strong></span> <span class='ocrx_word' id='word_1_186' title='bbox 775 3079 914 3144; x_wconf 90' lang='lat' dir='ltr'><strong>Omnem</strong></span> <span class='ocrx_word' id='word_1_187' title='bbox 938 3080 1024 3142; x_wconf 88' lang='lat' dir='ltr'><strong>enim</strong></span> <span class='ocrx_word' id='word_1_188' title='bbox 1042 3075 1095 3140; x_wconf 87' lang='lat' dir='ltr'><strong>uel</strong></span> <span class='ocrx_word' id='word_1_189' title='bbox 1118 3079 1224 3143; x_wconf 90' lang='lat' dir='ltr'><strong>minu·</strong></span> 
     </span>
     <span class='ocr_line' id='line_1_27' title="bbox 133 3185 1223 3271; baseline -0.003 -19"><span class='ocrx_word' id='word_1_190' title='bbox 133 3211 216 3253; x_wconf 86' lang='lat' dir='ltr'><strong>ruam</strong></span> <span class='ocrx_word' id='word_1_191' title='bbox 243 3187 512 3271; x_wconf 85' lang='lat' dir='ltr'><strong>discrepantiam,</strong></span> <span class='ocrx_word' id='word_1_192' title='bbox 532 3186 687 3251; x_wconf 88' lang='lat' dir='ltr'><strong>adnotato</strong></span> <span class='ocrx_word' id='word_1_193' title='bbox 713 3189 824 3262; x_wconf 87' lang='lat' dir='ltr'><strong>etiam,</strong></span> <span class='ocrx_word' id='word_1_194' title='bbox 847 3185 973 3269; x_wconf 88' lang='lat' dir='ltr'><strong>siquid</strong></span> <span class='ocrx_word' id='word_1_195' title='bbox 997 3197 1067 3248; x_wconf 88' lang='lat' dir='ltr'><strong>erat</strong></span> <span class='ocrx_word' id='word_1_196' title='bbox 1089 3188 1122 3248; x_wconf 93' lang='lat' dir='ltr'><strong>in</strong></span> <span class='ocrx_word' id='word_1_197' title='bbox 1146 3207 1223 3249; x_wconf 92' lang='lat' dir='ltr'><strong>con-</strong></span> 
     </span>
     <span class='ocr_line' id='line_1_28' title="bbox 131 3291 1223 3381; baseline 0.001 -22"><span class='ocrx_word' id='word_1_198' title='bbox 131 3296 261 3381; x_wconf 84' lang='lat' dir='ltr'><strong>pendiis</strong></span> <span class='ocrx_word' id='word_1_199' title='bbox 283 3291 395 3370; x_wconf 89' lang='lat' dir='ltr'><strong>dubii,</strong></span> <span class='ocrx_word' id='word_1_200' title='bbox 443 3303 679 3376; x_wconf 88' lang='lat' dir='ltr'><strong>expresserunt</strong></span> <span class='ocrx_word' id='word_1_201' title='bbox 710 3294 744 3355; x_wconf 95' lang='lat' dir='ltr'><strong>in</strong></span> <span class='ocrx_word' id='word_1_202' title='bbox 771 3293 920 3375; x_wconf 84' lang='lat' dir='ltr'><strong>margine</strong></span> <span class='ocrx_word' id='word_1_203' title='bbox 943 3304 976 3355; x_wconf 90' lang='lat' dir='ltr'><strong>et</strong></span> <span class='ocrx_word' id='word_1_204' title='bbox 997 3294 1083 3359; x_wconf 85' lang='lat' dir='ltr'><strong>inter</strong></span> <span class='ocrx_word' id='word_1_205' title='bbox 1106 3316 1223 3360; x_wconf 88' lang='lat' dir='ltr'><strong>uersus</strong></span> 
     </span>
     <span class='ocr_line' id='line_1_29' title="bbox 133 3397 1223 3485; baseline 0 -19"><span class='ocrx_word' id='word_1_206' title='bbox 133 3399 283 3483; x_wconf 81' lang='lat' dir='ltr'><strong>exempli</strong></span> <span class='ocrx_word' id='word_1_207' title='bbox 306 3397 472 3463; x_wconf 80' lang='lat' dir='ltr'><strong>Nobbiani</strong></span> <span class='ocrx_word' id='word_1_208' title='bbox 498 3398 602 3482; x_wconf 83' lang='lat' dir='ltr'><strong>(Lips.</strong></span> <span class='ocrx_word' id='word_1_209' title='bbox 623 3399 731 3480; x_wconf 69' lang='lat'><strong>1828).</strong></span> <span class='ocrx_word' id='word_1_210' title='bbox 798 3397 878 3463; x_wconf 87' lang='lat' dir='ltr'><strong>Eam</strong></span> <span class='ocrx_word' id='word_1_211' title='bbox 910 3420 973 3485; x_wconf 85' lang='lat' dir='ltr'><strong>ego</strong></span> <span class='ocrx_word' id='word_1_212' title='bbox 1003 3399 1223 3466; x_wconf 87' lang='lat' dir='ltr'><strong>conlationem</strong></span> 
     </span>
     <span class='ocr_line' id='line_1_30' title="bbox 134 3504 1223 3593; baseline 0.004 -23"><span class='ocrx_word' id='word_1_213' title='bbox 134 3521 234 3572; x_wconf 90' lang='lat' dir='ltr'><strong>totam</strong></span> <span class='ocrx_word' id='word_1_214' title='bbox 267 3518 391 3593; x_wconf 87' lang='lat' dir='ltr'><strong>quauta</strong></span> <span class='ocrx_word' id='word_1_215' title='bbox 426 3506 521 3590; x_wconf 90' lang='lat' dir='ltr'><strong>potui</strong></span> <span class='ocrx_word' id='word_1_216' title='bbox 560 3524 718 3569; x_wconf 87' lang='lat' dir='ltr'><strong>maxuma</strong></span> <span class='ocrx_word' id='word_1_217' title='bbox 758 3525 835 3570; x_wconf 89' lang='lat' dir='ltr'><strong>cura</strong></span> <span class='ocrx_word' id='word_1_218' title='bbox 867 3507 901 3570; x_wconf 92' lang='lat' dir='ltr'><strong>in</strong></span> <span class='ocrx_word' id='word_1_219' title='bbox 932 3504 1017 3570; x_wconf 91' lang='lat' dir='ltr'><strong>banc</strong></span> <span class='ocrx_word' id='word_1_220' title='bbox 1046 3507 1223 3574; x_wconf 89' lang='lat' dir='ltr'><strong>editionem</strong></span> 
     </span>
     <span class='ocr_line' id='line_1_31' title="bbox 135 3610 1224 3696; baseline 0 -16"><span class='ocrx_word' id='word_1_221' title='bbox 135 3612 306 3690; x_wconf 89' lang='lat' dir='ltr'><strong>transtuli,</strong></span> <span class='ocrx_word' id='word_1_222' title='bbox 326 3624 362 3675; x_wconf 87' lang='lat' dir='ltr'><strong>ut</strong></span> <span class='ocrx_word' id='word_1_223' title='bbox 386 3610 553 3676; x_wconf 91' lang='lat' dir='ltr'><strong>iudicandi</strong></span> <span class='ocrx_word' id='word_1_224' title='bbox 574 3611 687 3675; x_wconf 89' lang='lat' dir='ltr'><strong>eadem</strong></span> <span class='ocrx_word' id='word_1_225' title='bbox 711 3611 847 3690; x_wconf 84' lang='lat' dir='ltr'><strong>ceteris,</strong></span> <span class='ocrx_word' id='word_1_226' title='bbox 867 3633 939 3696; x_wconf 88' lang='lat' dir='ltr'><strong>quse</strong></span> <span class='ocrx_word' id='word_1_227' title='bbox 964 3612 1063 3692; x_wconf 90' lang='lat' dir='ltr'><strong>mihi,</strong></span> <span class='ocrx_word' id='word_1_228' title='bbox 1084 3615 1224 3680; x_wconf 80' lang='lat' dir='ltr'><strong>facultas</strong></span> 
     </span>
     <span class='ocr_line' id='line_1_32' title="bbox 134 3716 1225 3803; baseline -0.001 -18"><span class='ocrx_word' id='word_1_229' title='bbox 134 3735 231 3787; x_wconf 86' lang='lat' dir='ltr'><strong>esset.</strong></span> <span class='ocrx_word' id='word_1_230' title='bbox 280 3717 427 3783; x_wconf 84' lang='lat' dir='ltr'><strong>Tantum</strong></span> <span class='ocrx_word' id='word_1_231' title='bbox 453 3739 513 3796; x_wconf 89' lang='lat' dir='ltr'><strong>ca,</strong></span> <span class='ocrx_word' id='word_1_232' title='bbox 557 3739 628 3803; x_wconf 78' lang='lat' dir='ltr'><strong>quac</strong></span> <span class='ocrx_word' id='word_1_233' title='bbox 651 3717 690 3782; x_wconf 91' lang='lat' dir='ltr'><strong>ad</strong></span> <span class='ocrx_word' id='word_1_234' title='bbox 721 3737 839 3783; x_wconf 89' lang='lat' dir='ltr'><strong>nucum</strong></span> <span class='ocrx_word' id='word_1_235' title='bbox 861 3716 1105 3783; x_wconf 88' lang='lat' dir='ltr'><strong>scribendarum</strong></span> <span class='ocrx_word' id='word_1_236' title='bbox 1125 3723 1225 3785; x_wconf 87' lang='lat' dir='ltr'><strong>ratio-</strong></span> 
     </span>
     <span class='ocr_line' id='line_1_33' title="bbox 135 3822 1225 3911; baseline -0.002 -21"><span class='ocrx_word' id='word_1_237' title='bbox 135 3850 204 3892; x_wconf 87' lang='lat' dir='ltr'><strong>nem</strong></span> <span class='ocrx_word' id='word_1_238' title='bbox 228 3823 459 3911; x_wconf 85' lang='lat' dir='ltr'><strong>pertinebant,</strong></span> <span class='ocrx_word' id='word_1_239' title='bbox 490 3825 605 3902; x_wconf 85' lang='lat' dir='ltr'><strong>omisi,</strong></span> <span class='ocrx_word' id='word_1_240' title='bbox 648 3822 733 3910; x_wconf 90' lang='lat' dir='ltr'><strong>quod</strong></span> <span class='ocrx_word' id='word_1_241' title='bbox 758 3845 864 3910; x_wconf 90' lang='lat' dir='ltr'><strong>neque</strong></span> <span class='ocrx_word' id='word_1_242' title='bbox 889 3825 1143 3911; x_wconf 84' lang='lat' dir='ltr'><strong>orthographica</strong></span> <span class='ocrx_word' id='word_1_243' title='bbox 1161 3829 1225 3891; x_wconf 87' lang='lat' dir='ltr'><strong>nisi</strong></span> 
     </span>
    </p>
   </div>
   <div class='ocr_carea' id='block_1_4' title="bbox 155 4093 1225 4434">
    <p class='ocr_par' dir='ltr' id='par_1_7' title="bbox 155 4093 1225 4434">
     <span class='ocr_line' id='line_1_34' title="bbox 155 4093 1225 4174; baseline -0.007 -18"><span class='ocrx_word' id='word_1_244' title='bbox 155 4105 180 4168; x_wconf 89' lang='lat'><strong>¹)</strong></span> <span class='ocrx_word' id='word_1_245' title='bbox 200 4101 375 4174; x_wconf 72' lang='lat' dir='ltr'><strong>Soepissume</strong></span> <span class='ocrx_word' id='word_1_246' title='bbox 395 4094 542 4156; x_wconf 73' lang='lat' dir='ltr'><strong>Oramus,</strong></span> <span class='ocrx_word' id='word_1_247' title='bbox 581 4111 667 4166; x_wconf 85' lang='lat' dir='ltr'><strong>quom</strong></span> <span class='ocrx_word' id='word_1_248' title='bbox 691 4095 777 4148; x_wconf 83' lang='lat' dir='ltr'><strong>etism</strong></span> <span class='ocrx_word' id='word_1_249' title='bbox 799 4093 921 4148; x_wconf 87' lang='lat' dir='ltr'><strong>Dsuisio</strong></span> <span class='ocrx_word' id='word_1_250' title='bbox 949 4103 978 4150; x_wconf 82' lang='lat' dir='ltr'><strong>et</strong></span> <span class='ocrx_word' id='word_1_251' title='bbox 1004 4095 1164 4151; x_wconf 76' lang='lat' dir='ltr'><strong>Goerenzio</strong></span> <span class='ocrx_word' id='word_1_252' title='bbox 1185 4098 1225 4150; x_wconf 87' lang='lat' dir='ltr'><strong>ita</strong></span> 
     </span>
     <span class='ocr_line' id='line_1_35' title="bbox 198 4186 1224 4253; baseline -0.007 -5"><span class='ocrx_word' id='word_1_253' title='bbox 198 4201 347 4253; x_wconf 82' lang='lat' dir='ltr'><strong>uteretur,</strong></span> <span class='ocrx_word' id='word_1_254' title='bbox 378 4196 415 4242; x_wconf 84' lang='lat' dir='ltr'><strong>ut</strong></span> <span class='ocrx_word' id='word_1_255' title='bbox 442 4188 476 4241; x_wconf 92' lang='lat' dir='ltr'><strong>sd</strong></span> <span class='ocrx_word' id='word_1_256' title='bbox 496 4187 612 4241; x_wconf 85' lang='lat' dir='ltr'><strong>Gruteri</strong></span> <span class='ocrx_word' id='word_1_257' title='bbox 630 4195 714 4241; x_wconf 83' lang='lat' dir='ltr'><strong>notas</strong></span> <span class='ocrx_word' id='word_1_258' title='bbox 736 4194 765 4241; x_wconf 82' lang='lat' dir='ltr'><strong>et</strong></span> <span class='ocrx_word' id='word_1_259' title='bbox 785 4186 960 4242; x_wconf 73' lang='lat' dir='ltr'><strong>(laoniensis</strong></span> <span class='ocrx_word' id='word_1_260' title='bbox 977 4190 1073 4243; x_wconf 84' lang='lat' dir='ltr'><strong>minus</strong></span> <span class='ocrx_word' id='word_1_261' title='bbox 1091 4189 1224 4243; x_wconf 81' lang='lat' dir='ltr'><strong>adtende-</strong></span> 
     </span>
     <span class='ocr_line' id='line_1_36' title="bbox 198 4279 1225 4354; baseline -0.007 -15"><span class='ocrx_word' id='word_1_262' title='bbox 198 4295 255 4351; x_wconf 84' lang='lat' dir='ltr'><strong>ret,</strong></span> <span class='ocrx_word' id='word_1_263' title='bbox 284 4302 320 4340; x_wconf 82' lang='lat' dir='ltr'><strong>cx</strong></span> <span class='ocrx_word' id='word_1_264' title='bbox 339 4301 402 4338; x_wconf 85' lang='lat' dir='ltr'><strong>uns</strong></span> <span class='ocrx_word' id='word_1_265' title='bbox 421 4279 550 4334; x_wconf 81' lang='lat' dir='ltr'><strong>editione</strong></span> <span class='ocrx_word' id='word_1_266' title='bbox 567 4279 680 4334; x_wconf 84' lang='lat' dir='ltr'><strong>Uictori</strong></span> <span class='ocrx_word' id='word_1_267' title='bbox 699 4279 866 4344; x_wconf 81' lang='lat' dir='ltr'><strong>adnotauit,</strong></span> <span class='ocrx_word' id='word_1_268' title='bbox 885 4280 962 4354; x_wconf 85' lang='lat' dir='ltr'><strong>quod</strong></span> <span class='ocrx_word' id='word_1_269' title='bbox 980 4288 1030 4335; x_wconf 76' lang='lat' dir='ltr'><strong>sut</strong></span> <span class='ocrx_word' id='word_1_270' title='bbox 1045 4282 1075 4335; x_wconf 94' lang='lat' dir='ltr'><strong>in</strong></span> <span class='ocrx_word' id='word_1_271' title='bbox 1090 4279 1225 4335; x_wconf 87' lang='lat' dir='ltr'><strong>omnibns</strong></span> 
     </span>
     <span class='ocr_line' id='line_1_37' title="bbox 195 4370 917 4434; baseline -0.012 1"><span class='ocrx_word' id='word_1_272' title='bbox 195 4379 345 4434; x_wconf 77' lang='lat' dir='ltr'><strong>codicibus</strong></span> <span class='ocrx_word' id='word_1_273' title='bbox 365 4380 420 4429; x_wconf 86' lang='lat' dir='ltr'><strong>sut</strong></span> <span class='ocrx_word' id='word_1_274' title='bbox 440 4371 471 4425; x_wconf 95' lang='lat' dir='ltr'><strong>in</strong></span> <span class='ocrx_word' id='word_1_275' title='bbox 489 4370 621 4425; x_wconf 88' lang='lat' dir='ltr'><strong>omnibus</strong></span> <span class='ocrx_word' id='word_1_276' title='bbox 646 4370 839 4425; x_wconf 83' lang='lat' dir='ltr'><strong>deterioribus</strong></span> <span class='ocrx_word' id='word_1_277' title='bbox 866 4380 917 4426; x_wconf 88' lang='lat' dir='ltr'><strong>cst.</strong></span> 
     </span>
    </p>
   </div>
   <div class='ocr_carea' id='block_1_5' title="bbox 0 0 1370 5016">
    <p class='ocr_par' dir='ltr' id='par_1_8' title="bbox 0 0 1370 5016">
     <span class='ocr_line' id='line_1_38' title="bbox 0 0 1370 5016; baseline 0 0"><span class='ocrx_word' id='word_1_278' title='bbox 0 0 1370 5016; x_wconf 95' lang='lat' dir='ltr'><strong> </strong></span> 
     </span>
    </p>
   </div>
  </div>
 </body>
</html>
