<?xml version="1.0" encoding="UTF-8"?>
<!DOCTYPE html PUBLIC "-//W3C//DTD XHTML 1.0 Transitional//EN"
    "http://www.w3.org/TR/xhtml1/DTD/xhtml1-transitional.dtd">
<html xmlns="http://www.w3.org/1999/xhtml" xml:lang="en" lang="en">
 <head>
  <title>
</title>
<meta http-equiv="Content-Type" content="text/html;charset=utf-8" />
  <meta name='ocr-system' content='tesseract 3.04.00' />
  <meta name='ocr-capabilities' content='ocr_page ocr_carea ocr_par ocr_line ocrx_word'/>
</head>
<body>
  <div class='ocr_page' id='page_1' title='image "./mtulliciceronis00madvgoog_0045.png"; bbox 0 0 2706 5018; ppageno 0'>
   <div class='ocr_carea' id='block_1_1' title="bbox 226 345 909 423">
    <p class='ocr_par' dir='ltr' id='par_1_1' title="bbox 226 345 909 423">
     <span class='ocr_line' id='line_1_1' title="bbox 226 345 909 423; baseline -0.015 -1"><span class='ocrx_word' id='word_1_1' title='bbox 226 350 389 423; x_wconf 76' lang='lat' dir='ltr'><strong>xxxiv</strong></span> <span class='ocrx_word' id='word_1_2' title='bbox 653 345 909 415; x_wconf 75' lang='lat' dir='ltr'><strong>PRAEFA‘rto.</strong></span> 
     </span>
    </p>
   </div>
   <div class='ocr_carea' id='block_1_2' title="bbox 218 541 1329 2335">
    <p class='ocr_par' dir='ltr' id='par_1_2' title="bbox 218 541 1329 2335">
     <span class='ocr_line' id='line_1_2' title="bbox 226 541 1322 629; baseline -0.005 -13"><span class='ocrx_word' id='word_1_3' title='bbox 226 549 391 615; x_wconf 83' lang='lat' dir='ltr'><strong>Goerenzi</strong></span> <span class='ocrx_word' id='word_1_4' title='bbox 419 541 588 608; x_wconf 85' lang='lat' dir='ltr'><strong>silentium</strong></span> <span class='ocrx_word' id='word_1_5' title='bbox 612 541 837 623; x_wconf 86' lang='lat' dir='ltr'><strong>dubitauerit,</strong></span> <span class='ocrx_word' id='word_1_6' title='bbox 866 557 996 608; x_wconf 81' lang='lat' dir='ltr'><strong>rectene.</strong></span> <span class='ocrx_word' id='word_1_7' title='bbox 1019 565 1082 629; x_wconf 85' lang='lat' dir='ltr'><strong>ego</strong></span> <span class='ocrx_word' id='word_1_8' title='bbox 1107 563 1151 606; x_wconf 85' lang='lat' dir='ltr'><strong>ex</strong></span> <span class='ocrx_word' id='word_1_9' title='bbox 1175 563 1322 610; x_wconf 80' lang='lat' dir='ltr'><strong>meorum</strong></span> 
     </span>
     <span class='ocr_line' id='line_1_3' title="bbox 223 649 1321 736; baseline -0.006 -14"><span class='ocrx_word' id='word_1_10' title='bbox 223 670 259 722; x_wconf 86' lang='lat' dir='ltr'><strong>et</strong></span> <span class='ocrx_word' id='word_1_11' title='bbox 289 652 535 720; x_wconf 79' lang='lat' dir='ltr'><strong>oxoniensium</strong></span> <span class='ocrx_word' id='word_1_12' title='bbox 574 650 721 713; x_wconf 83' lang='lat' dir='ltr'><strong>codicum</strong></span> <span class='ocrx_word' id='word_1_13' title='bbox 763 671 927 714; x_wconf 84' lang='lat' dir='ltr'><strong>consensu</strong></span> <span class='ocrx_word' id='word_1_14' title='bbox 969 649 1130 736; x_wconf 84' lang='lat' dir='ltr'><strong>adparere</strong></span> <span class='ocrx_word' id='word_1_15' title='bbox 1164 649 1321 728; x_wconf 79' lang='lat' dir='ltr'><strong>dixerim,</strong></span> 
     </span>
     <span class='ocr_line' id='line_1_4' title="bbox 224 749 1323 850; baseline -0.004 -24"><span class='ocrx_word' id='word_1_16' title='bbox 224 749 304 850; x_wconf 79' lang='lat' dir='ltr'><strong>qaid</strong></span> <span class='ocrx_word' id='word_1_17' title='bbox 324 762 360 824; x_wconf 90' lang='lat' dir='ltr'><strong>in</strong></span> <span class='ocrx_word' id='word_1_18' title='bbox 382 759 494 822; x_wconf 82' lang='lat' dir='ltr'><strong>codice</strong></span> <span class='ocrx_word' id='word_1_19' title='bbox 517 752 654 819; x_wconf 85' lang='lat' dir='ltr'><strong>alterius</strong></span> <span class='ocrx_word' id='word_1_20' title='bbox 677 755 813 820; x_wconf 71' lang='lat' dir='ltr'><strong>familia</strong></span> <span class='ocrx_word' id='word_1_21' title='bbox 834 757 981 843; x_wconf 77' lang='lat' dir='ltr'><strong>principe</strong></span> <span class='ocrx_word' id='word_1_22' title='bbox 1002 768 1077 834; x_wconf 76' lang='lat' dir='ltr'><strong>atat,</strong></span> <span class='ocrx_word' id='word_1_23' title='bbox 1124 753 1181 818; x_wconf 88' lang='lat' dir='ltr'><strong>nbi</strong></span> <span class='ocrx_word' id='word_1_24' title='bbox 1204 756 1323 822; x_wconf 80' lang='lat' dir='ltr'><strong>Erinn-</strong></span> 
     </span>
     <span class='ocr_line' id='line_1_5' title="bbox 225 861 1323 955; baseline -0.004 -24"><span class='ocrx_word' id='word_1_25' title='bbox 225 869 339 955; x_wconf 77' lang='lat' dir='ltr'><strong>gsnsis</strong></span> <span class='ocrx_word' id='word_1_26' title='bbox 362 864 513 938; x_wconf 80' lang='lat' dir='ltr'><strong>adsedit,</strong></span> <span class='ocrx_word' id='word_1_27' title='bbox 555 861 631 945; x_wconf 91' lang='lat' dir='ltr'><strong>quid</strong></span> <span class='ocrx_word' id='word_1_28' title='bbox 657 865 690 927; x_wconf 92' lang='lat' dir='ltr'><strong>in</strong></span> <span class='ocrx_word' id='word_1_29' title='bbox 724 862 901 946; x_wconf 82' lang='lat' dir='ltr'><strong>archetypo</strong></span> <span class='ocrx_word' id='word_1_30' title='bbox 926 863 1045 941; x_wconf 81' lang='lat' dir='ltr'><strong>inerit,</strong></span> <span class='ocrx_word' id='word_1_31' title='bbox 1086 864 1115 925; x_wconf 93' lang='lat' dir='ltr'><strong>is</strong></span> <span class='ocrx_word' id='word_1_32' title='bbox 1138 863 1239 926; x_wconf 87' lang='lat' dir='ltr'><strong>etiam</strong></span> <span class='ocrx_word' id='word_1_33' title='bbox 1267 862 1323 930; x_wconf 92' lang='lat' dir='ltr'><strong>Ui·</strong></span> 
     </span>
     <span class='ocr_line' id='line_1_6' title="bbox 225 966 1278 1053; baseline -0.008 -14"><span class='ocrx_word' id='word_1_34' title='bbox 225 976 367 1039; x_wconf 84' lang='lat' dir='ltr'><strong>otorinrn</strong></span> <span class='ocrx_word' id='word_1_35' title='bbox 390 982 508 1034; x_wconf 87' lang='lat' dir='ltr'><strong>testem</strong></span> <span class='ocrx_word' id='word_1_36' title='bbox 530 966 663 1046; x_wconf 82' lang='lat' dir='ltr'><strong>babeat,</strong></span> <span class='ocrx_word' id='word_1_37' title='bbox 686 982 721 1032; x_wconf 91' lang='lat' dir='ltr'><strong>ut</strong></span> <span class='ocrx_word' id='word_1_38' title='bbox 744 968 772 1047; x_wconf 90' lang='lat'><strong>1,</strong></span> <span class='ocrx_word' id='word_1_39' title='bbox 791 973 834 1032; x_wconf 74' lang='lat' dir='ltr'><strong>bd</strong></span> <span class='ocrx_word' id='word_1_40' title='bbox 854 973 1025 1053; x_wconf 79' lang='lat' dir='ltr'><strong>(cognosci</strong></span> <span class='ocrx_word' id='word_1_41' title='bbox 1046 975 1081 1032; x_wconf 76' lang='lat' dir='ltr'><strong>et</strong></span> <span class='ocrx_word' id='word_1_42' title='bbox 1100 969 1278 1052; x_wconf 81' lang='lat' dir='ltr'><strong>recs&#39;ps‘).¹)</strong></span> 
     </span>
     <span class='ocr_line' id='line_1_7' title="bbox 316 1073 1321 1161; baseline 0 -18"><span class='ocrx_word' id='word_1_43' title='bbox 316 1079 354 1143; x_wconf 80' lang='lat' dir='ltr'><strong>P.</strong></span> <span class='ocrx_word' id='word_1_44' title='bbox 375 1075 548 1142; x_wconf 77' lang='lat' dir='ltr'><strong>Manutius</strong></span> <span class='ocrx_word' id='word_1_45' title='bbox 570 1073 723 1139; x_wconf 87' lang='lat' dir='ltr'><strong>omnibus</strong></span> <span class='ocrx_word' id='word_1_46' title='bbox 746 1073 894 1159; x_wconf 89' lang='lat' dir='ltr'><strong>partibus</strong></span> <span class='ocrx_word' id='word_1_47' title='bbox 917 1077 1072 1161; x_wconf 88' lang='lat' dir='ltr'><strong>panciora</strong></span> <span class='ocrx_word' id='word_1_48' title='bbox 1095 1078 1129 1137; x_wconf 94' lang='lat' dir='ltr'><strong>in</strong></span> <span class='ocrx_word' id='word_1_49' title='bbox 1153 1074 1206 1140; x_wconf 92' lang='lat' dir='ltr'><strong>bis</strong></span> <span class='ocrx_word' id='word_1_50' title='bbox 1227 1077 1321 1142; x_wconf 80' lang='lat' dir='ltr'><strong>libris</strong></span> 
     </span>
     <span class='ocr_line' id='line_1_8' title="bbox 224 1179 1321 1270; baseline -0.001 -20"><span class='ocrx_word' id='word_1_51' title='bbox 224 1187 363 1250; x_wconf 84' lang='lat' dir='ltr'><strong>nouauit</strong></span> <span class='ocrx_word' id='word_1_52' title='bbox 385 1204 482 1270; x_wconf 87' lang='lat' dir='ltr'><strong>quam</strong></span> <span class='ocrx_word' id='word_1_53' title='bbox 514 1194 657 1266; x_wconf 85' lang='lat' dir='ltr'><strong>putator.</strong></span> <span class='ocrx_word' id='word_1_54' title='bbox 705 1179 799 1244; x_wconf 83' lang='lat' dir='ltr'><strong>Nihil</strong></span> <span class='ocrx_word' id='word_1_55' title='bbox 831 1185 917 1246; x_wconf 86' lang='lat' dir='ltr'><strong>enim</strong></span> <span class='ocrx_word' id='word_1_56' title='bbox 951 1184 1015 1246; x_wconf 84' lang='lat' dir='ltr'><strong>nisi</strong></span> <span class='ocrx_word' id='word_1_57' title='bbox 1047 1180 1214 1264; x_wconf 82' lang='lat' dir='ltr'><strong>expoliuit</strong></span> <span class='ocrx_word' id='word_1_58' title='bbox 1242 1183 1321 1249; x_wconf 80' lang='lat' dir='ltr'><strong>didi</strong></span> 
     </span>
     <span class='ocr_line' id='line_1_9' title="bbox 224 1285 1321 1378; baseline 0 -22"><span class='ocrx_word' id='word_1_59' title='bbox 224 1294 330 1378; x_wconf 78' lang='lat' dir='ltr'><strong>petris</strong></span> <span class='ocrx_word' id='word_1_60' title='bbox 351 1291 542 1354; x_wconf 86' lang='lat' dir='ltr'><strong>editionem.</strong></span> <span class='ocrx_word' id='word_1_61' title='bbox 554 1291 585 1366; x_wconf 86' lang='lat'><strong>¹)</strong></span> <span class='ocrx_word' id='word_1_62' title='bbox 631 1285 741 1372; x_wconf 81' lang='lat' dir='ltr'><strong>Atque</strong></span> <span class='ocrx_word' id='word_1_63' title='bbox 763 1310 804 1352; x_wconf 88' lang='lat' dir='ltr'><strong>ea</strong></span> <span class='ocrx_word' id='word_1_64' title='bbox 827 1290 860 1351; x_wconf 92' lang='lat' dir='ltr'><strong>in</strong></span> <span class='ocrx_word' id='word_1_65' title='bbox 882 1309 1010 1353; x_wconf 77' lang='lat' dir='ltr'><strong>sumina</strong></span> <span class='ocrx_word' id='word_1_66' title='bbox 1032 1311 1067 1352; x_wconf 88' lang='lat' dir='ltr'><strong>re</strong></span> <span class='ocrx_word' id='word_1_67' title='bbox 1088 1292 1185 1374; x_wconf 85' lang='lat' dir='ltr'><strong>quasi</strong></span> <span class='ocrx_word' id='word_1_68' title='bbox 1207 1312 1321 1374; x_wconf 84' lang='lat' dir='ltr'><strong>snper·</strong></span> 
     </span>
     <span class='ocr_line' id='line_1_10' title="bbox 222 1393 1319 1482; baseline 0 -20"><span class='ocrx_word' id='word_1_69' title='bbox 222 1410 347 1462; x_wconf 83' lang='lat' dir='ltr'><strong>structa</strong></span> <span class='ocrx_word' id='word_1_70' title='bbox 367 1409 400 1460; x_wconf 86' lang='lat' dir='ltr'><strong>st</strong></span> <span class='ocrx_word' id='word_1_71' title='bbox 422 1397 536 1480; x_wconf 77' lang='lat' dir='ltr'><strong>primae</strong></span> <span class='ocrx_word' id='word_1_72' title='bbox 560 1395 714 1458; x_wconf 83' lang='lat' dir='ltr'><strong>editionis</strong></span> <span class='ocrx_word' id='word_1_73' title='bbox 738 1393 961 1457; x_wconf 84' lang='lat' dir='ltr'><strong>fundamento.</strong></span> <span class='ocrx_word' id='word_1_74' title='bbox 1022 1394 1137 1481; x_wconf 83' lang='lat' dir='ltr'><strong>itaque</strong></span> <span class='ocrx_word' id='word_1_75' title='bbox 1158 1395 1319 1482; x_wconf 61' lang='lat' dir='ltr'><strong>pluruma·</strong></span> 
     </span>
     <span class='ocr_line' id='line_1_11' title="bbox 222 1498 1321 1591; baseline 0.002 -23"><span class='ocrx_word' id='word_1_76' title='bbox 222 1507 413 1591; x_wconf 73' lang='lat' dir='ltr'><strong>scripturn,</strong></span> <span class='ocrx_word' id='word_1_77' title='bbox 447 1522 519 1587; x_wconf 77' lang='lat' dir='ltr'><strong>qam</strong></span> <span class='ocrx_word' id='word_1_78' title='bbox 541 1513 574 1565; x_wconf 88' lang='lat' dir='ltr'><strong>et</strong></span> <span class='ocrx_word' id='word_1_79' title='bbox 595 1498 677 1564; x_wconf 87' lang='lat' dir='ltr'><strong>alibi</strong></span> <span class='ocrx_word' id='word_1_80' title='bbox 703 1511 736 1563; x_wconf 88' lang='lat' dir='ltr'><strong>et</strong></span> <span class='ocrx_word' id='word_1_81' title='bbox 757 1498 798 1564; x_wconf 86' lang='lat' dir='ltr'><strong>ab</strong></span> <span class='ocrx_word' id='word_1_82' title='bbox 822 1498 951 1565; x_wconf 85' lang='lat' dir='ltr'><strong>Oreliio</strong></span> <span class='ocrx_word' id='word_1_83' title='bbox 978 1499 1130 1565; x_wconf 86' lang='lat' dir='ltr'><strong>Manutio</strong></span> <span class='ocrx_word' id='word_1_84' title='bbox 1152 1501 1321 1570; x_wconf 80' lang='lat' dir='ltr'><strong>ascribun-</strong></span> 
     </span>
     <span class='ocr_line' id='line_1_12' title="bbox 223 1605 1321 1692; baseline 0.002 -19"><span class='ocrx_word' id='word_1_85' title='bbox 223 1623 277 1673; x_wconf 88' lang='lat' dir='ltr'><strong>tnr</strong></span> <span class='ocrx_word' id='word_1_86' title='bbox 298 1623 332 1673; x_wconf 90' lang='lat' dir='ltr'><strong>et</strong></span> <span class='ocrx_word' id='word_1_87' title='bbox 353 1630 374 1672; x_wconf 88' lang='lat' dir='ltr'><strong>s</strong></span> <span class='ocrx_word' id='word_1_88' title='bbox 394 1606 545 1672; x_wconf 74' lang='lat' dir='ltr'><strong>Munatio</strong></span> <span class='ocrx_word' id='word_1_89' title='bbox 568 1609 601 1671; x_wconf 91' lang='lat' dir='ltr'><strong>in</strong></span> <span class='ocrx_word' id='word_1_90' title='bbox 623 1608 765 1692; x_wconf 83' lang='lat' dir='ltr'><strong>priorem</strong></span> <span class='ocrx_word' id='word_1_91' title='bbox 794 1605 950 1670; x_wconf 81' lang='lat' dir='ltr'><strong>Lambini</strong></span> <span class='ocrx_word' id='word_1_92' title='bbox 973 1608 1151 1673; x_wconf 74' lang='lat' dir='ltr'><strong>editionem</strong></span> <span class='ocrx_word' id='word_1_93' title='bbox 1181 1613 1321 1676; x_wconf 84' lang='lat' dir='ltr'><strong>transie-</strong></span> 
     </span>
     <span class='ocr_line' id='line_1_13' title="bbox 222 1713 1329 1802; baseline 0.003 -22"><span class='ocrx_word' id='word_1_94' title='bbox 222 1727 321 1795; x_wconf 79' lang='lat' dir='ltr'><strong>rant,</strong></span> <span class='ocrx_word' id='word_1_95' title='bbox 344 1736 390 1779; x_wconf 85' lang='lat' dir='ltr'><strong>ex</strong></span> <span class='ocrx_word' id='word_1_96' title='bbox 414 1713 559 1779; x_wconf 77' lang='lat' dir='ltr'><strong>editione</strong></span> <span class='ocrx_word' id='word_1_97' title='bbox 582 1716 1042 1800; x_wconf 77' lang='lat' dir='ltr'><strong>primaretentaesun13nec</strong></span> <span class='ocrx_word' id='word_1_98' title='bbox 1065 1734 1146 1778; x_wconf 82' lang='lat' dir='ltr'><strong>sans</strong></span> <span class='ocrx_word' id='word_1_99' title='bbox 1168 1729 1329 1802; x_wconf 62' lang='lat' dir='ltr'><strong>poterant«</strong></span> 
     </span>
     <span class='ocr_line' id='line_1_14' title="bbox 223 1817 1319 1909; baseline 0.002 -23"><span class='ocrx_word' id='word_1_100' title='bbox 223 1845 243 1886; x_wconf 93' lang='lat' dir='ltr'><strong>a</strong></span> <span class='ocrx_word' id='word_1_101' title='bbox 268 1821 420 1886; x_wconf 83' lang='lat' dir='ltr'><strong>Manotio</strong></span> <span class='ocrx_word' id='word_1_102' title='bbox 446 1817 586 1885; x_wconf 83' lang='lat' dir='ltr'><strong>oonsilio</strong></span> <span class='ocrx_word' id='word_1_103' title='bbox 612 1817 724 1884; x_wconf 83' lang='lat' dir='ltr'><strong>iniatae</strong></span> <span class='ocrx_word' id='word_1_104' title='bbox 747 1820 865 1898; x_wconf 87' lang='lat' dir='ltr'><strong>uideri,</strong></span> <span class='ocrx_word' id='word_1_105' title='bbox 888 1820 965 1909; x_wconf 84' lang='lat' dir='ltr'><strong>sed,</strong></span> <span class='ocrx_word' id='word_1_106' title='bbox 989 1817 1097 1904; x_wconf 83' lang='lat' dir='ltr'><strong>qualis</strong></span> <span class='ocrx_word' id='word_1_107' title='bbox 1119 1838 1319 1907; x_wconf 79' lang='lat' dir='ltr'><strong>reppererat,</strong></span> 
     </span>
     <span class='ocr_line' id='line_1_15' title="bbox 222 1914 1318 2015; baseline 0.003 -23"><span class='ocrx_word' id='word_1_108' title='bbox 222 1927 358 1993; x_wconf 81' lang='lat' dir='ltr'><strong>relintte.</strong></span> <span class='ocrx_word' id='word_1_109' title='bbox 405 1926 472 1992; x_wconf 84' lang='lat' dir='ltr'><strong>Sed</strong></span> <span class='ocrx_word' id='word_1_110' title='bbox 494 1926 580 2011; x_wconf 84' lang='lat' dir='ltr'><strong>apud</strong></span> <span class='ocrx_word' id='word_1_111' title='bbox 601 1923 721 1990; x_wconf 83' lang='lat' dir='ltr'><strong>Aldum</strong></span> <span class='ocrx_word' id='word_1_112' title='bbox 742 1941 900 2012; x_wconf 75' lang='lat' dir='ltr'><strong>praeterea</strong></span> <span class='ocrx_word' id='word_1_113' title='bbox 919 1914 957 1991; x_wconf 81' lang='lat' dir='ltr'><strong>nc</strong></span> <span class='ocrx_word' id='word_1_114' title='bbox 976 1926 1115 1992; x_wconf 83' lang='lat' dir='ltr'><strong>fortasse</strong></span> <span class='ocrx_word' id='word_1_115' title='bbox 1138 1927 1253 2015; x_wconf 79' lang='lat' dir='ltr'><strong>aliqua</strong></span> <span class='ocrx_word' id='word_1_116' title='bbox 1274 1952 1318 1995; x_wconf 87' lang='lat' dir='ltr'><strong>ex</strong></span> 
     </span>
     <span class='ocr_line' id='line_1_16' title="bbox 219 2033 1316 2121; baseline 0.003 -22"><span class='ocrx_word' id='word_1_117' title='bbox 219 2047 313 2121; x_wconf 82' lang='lat' dir='ltr'><strong>parts</strong></span> <span class='ocrx_word' id='word_1_118' title='bbox 335 2033 421 2119; x_wconf 85' lang='lat' dir='ltr'><strong>apud</strong></span> <span class='ocrx_word' id='word_1_119' title='bbox 445 2051 521 2109; x_wconf 88' lang='lat' dir='ltr'><strong>eos,</strong></span> <span class='ocrx_word' id='word_1_120' title='bbox 566 2034 621 2117; x_wconf 88' lang='lat' dir='ltr'><strong>qni</strong></span> <span class='ocrx_word' id='word_1_121' title='bbox 643 2033 729 2096; x_wconf 87' lang='lat' dir='ltr'><strong>inter</strong></span> <span class='ocrx_word' id='word_1_122' title='bbox 763 2036 901 2118; x_wconf 87' lang='lat' dir='ltr'><strong>primam</strong></span> <span class='ocrx_word' id='word_1_123' title='bbox 933 2033 1110 2114; x_wconf 78' lang='lat' dir='ltr'><strong>editionem</strong></span> <span class='ocrx_word' id='word_1_124' title='bbox 1143 2035 1316 2102; x_wconf 74' lang='lat' dir='ltr'><strong>etdidunt</strong></span> 
     </span>
     <span class='ocr_line' id='line_1_17' title="bbox 218 2133 1317 2226; baseline 0.005 -22"><span class='ocrx_word' id='word_1_125' title='bbox 218 2133 382 2203; x_wconf 83' lang='lat' dir='ltr'><strong>interiecti</strong></span> <span class='ocrx_word' id='word_1_126' title='bbox 405 2150 508 2215; x_wconf 86' lang='lat' dir='ltr'><strong>sunt,</strong></span> <span class='ocrx_word' id='word_1_127' title='bbox 555 2159 693 2222; x_wconf 87' lang='lat' dir='ltr'><strong>quorum</strong></span> <span class='ocrx_word' id='word_1_128' title='bbox 723 2160 789 2225; x_wconf 83' lang='lat' dir='ltr'><strong>ego</strong></span> <span class='ocrx_word' id='word_1_129' title='bbox 820 2139 981 2204; x_wconf 81' lang='lat' dir='ltr'><strong>editiones</strong></span> <span class='ocrx_word' id='word_1_130' title='bbox 1006 2161 1070 2203; x_wconf 94' lang='lat' dir='ltr'><strong>non</strong></span> <span class='ocrx_word' id='word_1_131' title='bbox 1095 2157 1317 2226; x_wconf 79' lang='lat' dir='ltr'><strong>perscrutatus</strong></span> 
     </span>
     <span class='ocr_line' id='line_1_18' title="bbox 220 2242 1314 2335; baseline 0.006 -26"><span class='ocrx_word' id='word_1_132' title='bbox 220 2242 432 2325; x_wconf 69' lang='lat' dir='ltr'><strong>summulis</strong></span> <span class='ocrx_word' id='word_1_133' title='bbox 458 2243 525 2308; x_wconf 86' lang='lat' dir='ltr'><strong>alin</strong></span> <span class='ocrx_word' id='word_1_134' title='bbox 547 2247 665 2330; x_wconf 89' lang='lat' dir='ltr'><strong>partim</strong></span> <span class='ocrx_word' id='word_1_135' title='bbox 690 2265 780 2325; x_wconf 75' lang='lat' dir='ltr'><strong>omn,</strong></span> <span class='ocrx_word' id='word_1_136' title='bbox 805 2248 922 2330; x_wconf 83' lang='lat' dir='ltr'><strong>partim</strong></span> <span class='ocrx_word' id='word_1_137' title='bbox 948 2248 1146 2326; x_wconf 80' lang='lat' dir='ltr'><strong>coniectura,</strong></span> <span class='ocrx_word' id='word_1_138' title='bbox 1169 2251 1314 2335; x_wconf 81' lang='lat' dir='ltr'><strong>qaaedam</strong></span> 
     </span>
    </p>
   </div>
   <div class='ocr_carea' id='block_1_3' title="bbox 216 2347 1314 2545">
    <p class='ocr_par' dir='ltr' id='par_1_3' title="bbox 216 2347 1314 2545">
     <span class='ocr_line' id='line_1_19' title="bbox 221 2347 1314 2424; baseline 0.006 -9"><span class='ocrx_word' id='word_1_139' title='bbox 221 2353 323 2416; x_wconf 87' lang='lat' dir='ltr'><strong>etiam</strong></span> <span class='ocrx_word' id='word_1_140' title='bbox 344 2371 363 2413; x_wconf 88' lang='lat' dir='ltr'><strong>e</strong></span> <span class='ocrx_word' id='word_1_141' title='bbox 388 2347 554 2414; x_wconf 77' lang='lat' dir='ltr'><strong>codicibus</strong></span> <span class='ocrx_word' id='word_1_142' title='bbox 585 2351 755 2415; x_wconf 86' lang='lat' dir='ltr'><strong>inferioris</strong></span> <span class='ocrx_word' id='word_1_143' title='bbox 784 2351 920 2416; x_wconf 73' lang='lat' dir='ltr'><strong>familias</strong></span> <span class='ocrx_word' id='word_1_144' title='bbox 944 2365 1069 2416; x_wconf 86' lang='lat' dir='ltr'><strong>mutata</strong></span> <span class='ocrx_word' id='word_1_145' title='bbox 1092 2367 1180 2418; x_wconf 77' lang='lat' dir='ltr'><strong>sunt.</strong></span> <span class='ocrx_word' id='word_1_146' title='bbox 1250 2356 1314 2424; x_wconf 86' lang='lat' dir='ltr'><strong>Ita·</strong></span> 
     </span>
     <span class='ocr_line' id='line_1_20' title="bbox 216 2457 1314 2545; baseline 0.009 -26"><span class='ocrx_word' id='word_1_147' title='bbox 216 2479 282 2544; x_wconf 83' lang='lat' dir='ltr'><strong>qne</strong></span> <span class='ocrx_word' id='word_1_148' title='bbox 305 2461 359 2536; x_wconf 92' lang='lat' dir='ltr'><strong>(ut</strong></span> <span class='ocrx_word' id='word_1_149' title='bbox 379 2458 546 2542; x_wconf 78' lang='lat' dir='ltr'><strong>specimen</strong></span> <span class='ocrx_word' id='word_1_150' title='bbox 570 2478 616 2521; x_wconf 89' lang='lat' dir='ltr'><strong>ex</strong></span> <span class='ocrx_word' id='word_1_151' title='bbox 641 2479 745 2542; x_wconf 87' lang='lat' dir='ltr'><strong>parua</strong></span> <span class='ocrx_word' id='word_1_152' title='bbox 774 2472 867 2544; x_wconf 87' lang='lat' dir='ltr'><strong>parte</strong></span> <span class='ocrx_word' id='word_1_153' title='bbox 898 2457 974 2523; x_wconf 85' lang='lat' dir='ltr'><strong>libri</strong></span> <span class='ocrx_word' id='word_1_154' title='bbox 1008 2461 1104 2545; x_wconf 90' lang='lat' dir='ltr'><strong>primi</strong></span> <span class='ocrx_word' id='word_1_155' title='bbox 1127 2482 1191 2525; x_wconf 93' lang='lat' dir='ltr'><strong>non</strong></span> <span class='ocrx_word' id='word_1_156' title='bbox 1216 2462 1314 2529; x_wconf 83' lang='lat' dir='ltr'><strong>ualde</strong></span> 
     </span>
    </p>
   </div>
   <div class='ocr_carea' id='block_1_4' title="bbox 213 2561 1312 3081">
    <p class='ocr_par' dir='ltr' id='par_1_4' title="bbox 213 2561 1312 3081">
     <span class='ocr_line' id='line_1_21' title="bbox 216 2561 1312 2650; baseline 0.008 -24"><span class='ocrx_word' id='word_1_157' title='bbox 216 2565 345 2627; x_wconf 85' lang='lat' dir='ltr'><strong>nnriose</strong></span> <span class='ocrx_word' id='word_1_158' title='bbox 367 2561 544 2650; x_wconf 78' lang='lat' dir='ltr'><strong>conligant)</strong></span> <span class='ocrx_word' id='word_1_159' title='bbox 573 2563 672 2642; x_wconf 83' lang='lat' dir='ltr'><strong>Aldi,</strong></span> <span class='ocrx_word' id='word_1_160' title='bbox 717 2586 782 2628; x_wconf 93' lang='lat' dir='ltr'><strong>non</strong></span> <span class='ocrx_word' id='word_1_161' title='bbox 808 2565 902 2629; x_wconf 85' lang='lat' dir='ltr'><strong>Pauli</strong></span> <span class='ocrx_word' id='word_1_162' title='bbox 928 2566 997 2630; x_wconf 80' lang='lat' dir='ltr'><strong>brec</strong></span> <span class='ocrx_word' id='word_1_163' title='bbox 1027 2578 1119 2630; x_wconf 84' lang='lat' dir='ltr'><strong>sant:</strong></span> <span class='ocrx_word' id='word_1_164' title='bbox 1160 2570 1182 2631; x_wconf 75' lang='grc'><strong>3</strong></span> <span class='ocrx_word' id='word_1_165' title='bbox 1211 2571 1312 2635; x_wconf 68' lang='lat' dir='ltr'><strong>tolum</strong></span> 
     </span>
     <span class='ocr_line' id='line_1_22' title="bbox 215 2667 1311 2759; baseline 0.009 -28"><span class='ocrx_word' id='word_1_166' title='bbox 215 2667 327 2748; x_wconf 75' lang='lat' dir='ltr'><strong>nobis,</strong></span> <span class='ocrx_word' id='word_1_167' title='bbox 372 2671 414 2731; x_wconf 83' lang='lat' dir='ltr'><strong>lo</strong></span> <span class='ocrx_word' id='word_1_168' title='bbox 437 2689 499 2732; x_wconf 80' lang='lat' dir='ltr'><strong>nee</strong></span> <span class='ocrx_word' id='word_1_169' title='bbox 519 2670 674 2733; x_wconf 63' lang='lat' dir='ltr'><strong>meulent</strong></span> <span class='ocrx_word' id='word_1_170' title='bbox 697 2674 732 2749; x_wconf 88' lang='lat' dir='ltr'><strong>(e</strong></span> <span class='ocrx_word' id='word_1_171' title='bbox 765 2693 869 2755; x_wconf 85' lang='lat' dir='ltr'><strong>praua</strong></span> <span class='ocrx_word' id='word_1_172' title='bbox 891 2675 1077 2737; x_wconf 75' lang='lat' dir='ltr'><strong>coniectura</strong></span> <span class='ocrx_word' id='word_1_173' title='bbox 1098 2694 1158 2759; x_wconf 89' lang='lat' dir='ltr'><strong>pro</strong></span> <span class='ocrx_word' id='word_1_174' title='bbox 1179 2679 1238 2755; x_wconf 84' lang='lat' dir='ltr'><strong>ne)</strong></span> <span class='ocrx_word' id='word_1_175' title='bbox 1273 2679 1311 2741; x_wconf 90' lang='lat' dir='ltr'><strong>ll</strong></span> 
     </span>
     <span class='ocr_line' id='line_1_23' title="bbox 214 2775 1310 2867; baseline 0.009 -29"><span class='ocrx_word' id='word_1_176' title='bbox 214 2775 691 2861; x_wconf 70' lang='lat' dir='ltr'><strong>sagsaprossssa,1offlc</strong></span> <span class='ocrx_word' id='word_1_177' title='bbox 710 2782 780 2839; x_wconf 79' lang='lat' dir='ltr'><strong>nisi</strong></span> <span class='ocrx_word' id='word_1_178' title='bbox 801 2775 1015 2855; x_wconf 65' lang='lat' dir='ltr'><strong>sediminis</strong></span> <span class='ocrx_word' id='word_1_179' title='bbox 1037 2799 1117 2843; x_wconf 85' lang='lat' dir='ltr'><strong>nera</strong></span> <span class='ocrx_word' id='word_1_180' title='bbox 1137 2784 1310 2867; x_wconf 76' lang='lat' dir='ltr'><strong>scriptura,</strong></span> 
     </span>
     <span class='ocr_line' id='line_1_24' title="bbox 213 2881 1309 2968; baseline 0.008 -23"><span class='ocrx_word' id='word_1_181' title='bbox 213 2902 286 2968; x_wconf 76' lang='lat' dir='ltr'><strong>qnae</strong></span> <span class='ocrx_word' id='word_1_182' title='bbox 311 2894 382 2946; x_wconf 88' lang='lat' dir='ltr'><strong>erat</strong></span> <span class='ocrx_word' id='word_1_183' title='bbox 405 2884 504 2946; x_wconf 84' lang='lat' dir='ltr'><strong>etiam</strong></span> <span class='ocrx_word' id='word_1_184' title='bbox 528 2882 563 2945; x_wconf 92' lang='lat' dir='ltr'><strong>in</strong></span> <span class='ocrx_word' id='word_1_185' title='bbox 585 2883 699 2968; x_wconf 81' lang='lat' dir='ltr'><strong>paneis</strong></span> <span class='ocrx_word' id='word_1_186' title='bbox 718 2881 938 2948; x_wconf 87' lang='lat' dir='ltr'><strong>deterioribus</strong></span> <span class='ocrx_word' id='word_1_187' title='bbox 958 2883 1070 2961; x_wconf 82' lang='lat' dir='ltr'><strong>libris,</strong></span> <span class='ocrx_word' id='word_1_188' title='bbox 1118 2898 1154 2948; x_wconf 88' lang='lat' dir='ltr'><strong>nt</strong></span> <span class='ocrx_word' id='word_1_189' title='bbox 1180 2885 1237 2968; x_wconf 87' lang='lat' dir='ltr'><strong>M,</strong></span> <span class='ocrx_word' id='word_1_190' title='bbox 1268 2889 1309 2965; x_wconf 76' lang='lat' dir='ltr'><strong>ii,</strong></span> 
     </span>
     <span class='ocr_line' id='line_1_25' title="bbox 213 2987 1309 3081; baseline 0.005 -29"><span class='ocrx_word' id='word_1_191' title='bbox 213 2987 341 3053; x_wconf 86' lang='lat' dir='ltr'><strong>duobus</strong></span> <span class='ocrx_word' id='word_1_192' title='bbox 362 3000 479 3075; x_wconf 74' lang='lat' dir='ltr'><strong>prester</strong></span> <span class='ocrx_word' id='word_1_193' title='bbox 501 2990 642 3075; x_wconf 85' lang='lat' dir='ltr'><strong>primam</strong></span> <span class='ocrx_word' id='word_1_194' title='bbox 663 2987 844 3068; x_wconf 80' lang='lat' dir='ltr'><strong>Palatinis,</strong></span> <span class='ocrx_word' id='word_1_195' title='bbox 866 3011 937 3055; x_wconf 87' lang='lat' dir='ltr'><strong>cnm</strong></span> <span class='ocrx_word' id='word_1_196' title='bbox 963 2997 1099 3076; x_wconf 84' lang='lat' dir='ltr'><strong>pratm),</strong></span> <span class='ocrx_word' id='word_1_197' title='bbox 1126 2995 1167 3056; x_wconf 79' lang='lat'><strong>17</strong></span> <span class='ocrx_word' id='word_1_198' title='bbox 1189 2999 1224 3058; x_wconf 68' lang='grc' dir='ltr'><strong>ἐκ</strong></span> <span class='ocrx_word' id='word_1_199' title='bbox 1248 3016 1309 3081; x_wconf 81' lang='lat' dir='ltr'><strong>quo</strong></span> 
     </span>
    </p>
   </div>
   <div class='ocr_carea' id='block_1_5' title="bbox 223 3355 1308 4453">
    <p class='ocr_par' dir='ltr' id='par_1_5' title="bbox 232 3355 1308 4175">
     <span class='ocr_line' id='line_1_26' title="bbox 232 3355 1306 3436; baseline 0.013 -27"><span class='ocrx_word' id='word_1_200' title='bbox 232 3359 259 3421; x_wconf 86' lang='lat'><strong>¹)</strong></span> <span class='ocrx_word' id='word_1_201' title='bbox 277 3355 425 3411; x_wconf 78' lang='lat' dir='ltr'><strong>Uictorias</strong></span> <span class='ocrx_word' id='word_1_202' title='bbox 434 3355 473 3423; x_wconf 85' lang='grc' dir='ltr'><strong>ΙΙ,</strong></span> <span class='ocrx_word' id='word_1_203' title='bbox 490 3357 621 3415; x_wconf 71' lang='lat' dir='ltr'><strong>madet</strong></span> <span class='ocrx_word' id='word_1_204' title='bbox 638 3375 724 3415; x_wconf 80' lang='lat' dir='ltr'><strong>uoces</strong></span> <span class='ocrx_word' id='word_1_205' title='bbox 735 3363 763 3415; x_wconf 78' lang='lat' dir='ltr'><strong>ss·</strong></span> <span class='ocrx_word' id='word_1_206' title='bbox 776 3362 869 3432; x_wconf 71' lang='lat' dir='ltr'><strong>pudor</strong></span> <span class='ocrx_word' id='word_1_207' title='bbox 888 3367 917 3414; x_wconf 79' lang='lat' dir='ltr'><strong>et</strong></span> <span class='ocrx_word' id='word_1_208' title='bbox 936 3368 970 3416; x_wconf 78' lang='lat' dir='ltr'><strong>ta</strong></span> <span class='ocrx_word' id='word_1_209' title='bbox 987 3366 1185 3436; x_wconf 64' lang='lat' dir='ltr'><strong>quassantes,</strong></span> <span class='ocrx_word' id='word_1_210' title='bbox 1205 3375 1306 3422; x_wconf 78' lang='lat' dir='ltr'><strong>secte-</strong></span> 
     </span>
     <span class='ocr_line' id='line_1_27' title="bbox 279 3447 1308 3526; baseline 0.013 -24"><span class='ocrx_word' id='word_1_211' title='bbox 279 3465 345 3503; x_wconf 81' lang='lat' dir='ltr'><strong>men</strong></span> <span class='ocrx_word' id='word_1_212' title='bbox 355 3447 442 3503; x_wconf 81' lang='lat' dir='ltr'><strong>nstin</strong></span> <span class='ocrx_word' id='word_1_213' title='bbox 448 3450 654 3522; x_wconf 69' lang='lat' dir='ltr'><strong>ungineedii.</strong></span> <span class='ocrx_word' id='word_1_214' title='bbox 663 3453 847 3507; x_wconf 75' lang='lat' dir='ltr'><strong>Assentisnae</strong></span> <span class='ocrx_word' id='word_1_215' title='bbox 862 3452 1068 3526; x_wconf 72' lang='lat' dir='ltr'><strong>sdnotsnitfin</strong></span> <span class='ocrx_word' id='word_1_216' title='bbox 1078 3458 1159 3511; x_wconf 79' lang='lat' dir='ltr'><strong>enias</strong></span> <span class='ocrx_word' id='word_1_217' title='bbox 1172 3467 1308 3516; x_wconf 83' lang='lat' dir='ltr'><strong>nontextu</strong></span> 
     </span>
     <span class='ocr_line' id='line_1_28' title="bbox 279 3541 1308 3616; baseline 0.013 -22"><span class='ocrx_word' id='word_1_218' title='bbox 279 3558 326 3595; x_wconf 80' lang='lat' dir='ltr'><strong>eas</strong></span> <span class='ocrx_word' id='word_1_219' title='bbox 344 3541 437 3597; x_wconf 83' lang='lat' dir='ltr'><strong>fnisse</strong></span> <span class='ocrx_word' id='word_1_220' title='bbox 454 3561 513 3598; x_wconf 89' lang='lat' dir='ltr'><strong>non</strong></span> <span class='ocrx_word' id='word_1_221' title='bbox 533 3551 623 3616; x_wconf 83' lang='lat' dir='ltr'><strong>puto;</strong></span> <span class='ocrx_word' id='word_1_222' title='bbox 660 3550 738 3598; x_wconf 87' lang='lat' dir='ltr'><strong>certe</strong></span> <span class='ocrx_word' id='word_1_223' title='bbox 762 3562 822 3600; x_wconf 86' lang='lat' dir='ltr'><strong>non</strong></span> <span class='ocrx_word' id='word_1_224' title='bbox 847 3555 916 3600; x_wconf 84' lang='lat' dir='ltr'><strong>sunt</strong></span> <span class='ocrx_word' id='word_1_225' title='bbox 938 3548 970 3602; x_wconf 90' lang='lat' dir='ltr'><strong>in</strong></span> <span class='ocrx_word' id='word_1_226' title='bbox 989 3550 1164 3604; x_wconf 77' lang='lat' dir='ltr'><strong>Ascensim</strong></span> <span class='ocrx_word' id='word_1_227' title='bbox 1181 3553 1308 3608; x_wconf 80' lang='lat' dir='ltr'><strong>ssenndr</strong></span> 
     </span>
     <span class='ocr_line' id='line_1_29' title="bbox 279 3634 1308 3714; baseline 0.014 -27"><span class='ocrx_word' id='word_1_228' title='bbox 279 3650 334 3687; x_wconf 85' lang='lat' dir='ltr'><strong>neo</strong></span> <span class='ocrx_word' id='word_1_229' title='bbox 350 3634 382 3689; x_wconf 87' lang='lat' dir='ltr'><strong>in</strong></span> <span class='ocrx_word' id='word_1_230' title='bbox 397 3634 540 3706; x_wconf 77' lang='lat' dir='ltr'><strong>Aldins);</strong></span> <span class='ocrx_word' id='word_1_231' title='bbox 558 3655 606 3692; x_wconf 79' lang='lat' dir='ltr'><strong>ess</strong></span> <span class='ocrx_word' id='word_1_232' title='bbox 620 3636 719 3710; x_wconf 81' lang='lat' dir='ltr'><strong>potnit</strong></span> <span class='ocrx_word' id='word_1_233' title='bbox 737 3645 789 3692; x_wconf 82' lang='lat' dir='ltr'><strong>snt</strong></span> <span class='ocrx_word' id='word_1_234' title='bbox 799 3654 834 3692; x_wconf 84' lang='lat' dir='ltr'><strong>ex</strong></span> <span class='ocrx_word' id='word_1_235' title='bbox 852 3654 886 3693; x_wconf 87' lang='lat' dir='ltr'><strong>eo</strong></span> <span class='ocrx_word' id='word_1_236' title='bbox 905 3640 1111 3714; x_wconf 81' lang='lat' dir='ltr'><strong>eodicepostes</strong></span> <span class='ocrx_word' id='word_1_237' title='bbox 1128 3643 1161 3696; x_wconf 92' lang='lat' dir='ltr'><strong>in</strong></span> <span class='ocrx_word' id='word_1_238' title='bbox 1179 3643 1308 3701; x_wconf 83' lang='lat' dir='ltr'><strong>editione</strong></span> 
     </span>
     <span class='ocr_line' id='line_1_30' title="bbox 278 3726 1305 3805; baseline 0.013 -25"><span class='ocrx_word' id='word_1_239' title='bbox 278 3726 403 3798; x_wconf 75' lang='lat' dir='ltr'><strong>peranda</strong></span> <span class='ocrx_word' id='word_1_240' title='bbox 423 3728 593 3805; x_wconf 67' lang='lat' dir='ltr'><strong>diligentins</strong></span> <span class='ocrx_word' id='word_1_241' title='bbox 618 3729 749 3803; x_wconf 78' lang='lat' dir='ltr'><strong>inspecto</strong></span> <span class='ocrx_word' id='word_1_242' title='bbox 777 3747 891 3786; x_wconf 82' lang='lat' dir='ltr'><strong>sunere</strong></span> <span class='ocrx_word' id='word_1_243' title='bbox 915 3734 960 3800; x_wconf 88' lang='lat' dir='ltr'><strong>(et</strong></span> <span class='ocrx_word' id='word_1_244' title='bbox 986 3740 1055 3789; x_wconf 86' lang='lat' dir='ltr'><strong>sunt</strong></span> <span class='ocrx_word' id='word_1_245' title='bbox 1072 3735 1105 3790; x_wconf 84' lang='lat' dir='ltr'><strong>in</strong></span> <span class='ocrx_word' id='word_1_246' title='bbox 1130 3735 1187 3804; x_wconf 79' lang='grc' dir='ltr'><strong>Εξ)</strong></span> <span class='ocrx_word' id='word_1_247' title='bbox 1213 3747 1263 3792; x_wconf 86' lang='lat' dir='ltr'><strong>sut</strong></span> <span class='ocrx_word' id='word_1_248' title='bbox 1289 3757 1305 3793; x_wconf 88' lang='lat' dir='ltr'><strong>e</strong></span> 
     </span>
     <span class='ocr_line' id='line_1_31' title="bbox 278 3819 1304 3894; baseline 0.014 -22"><span class='ocrx_word' id='word_1_249' title='bbox 278 3819 431 3875; x_wconf 79' lang='lat' dir='ltr'><strong>Cmtsndri</strong></span> <span class='ocrx_word' id='word_1_250' title='bbox 451 3823 586 3878; x_wconf 83' lang='lat' dir='ltr'><strong>editione.</strong></span> <span class='ocrx_word' id='word_1_251' title='bbox 623 3823 658 3877; x_wconf 88' lang='lat' dir='ltr'><strong>ln</strong></span> <span class='ocrx_word' id='word_1_252' title='bbox 678 3821 926 3894; x_wconf 61' lang='lat' dir='ltr'><strong>(instigationibus</strong></span> <span class='ocrx_word' id='word_1_253' title='bbox 945 3824 1092 3881; x_wconf 75' lang='lat' dir='ltr'><strong>Uictorias</strong></span> <span class='ocrx_word' id='word_1_254' title='bbox 1101 3827 1175 3883; x_wconf 86' lang='lat' dir='ltr'><strong>dnos</strong></span> <span class='ocrx_word' id='word_1_255' title='bbox 1186 3832 1304 3885; x_wconf 74' lang='lat' dir='ltr'><strong>omnino</strong></span> 
     </span>
     <span class='ocr_line' id='line_1_32' title="bbox 275 3909 1303 3995; baseline 0.012 -31"><span class='ocrx_word' id='word_1_256' title='bbox 275 3909 381 3966; x_wconf 78' lang='lat' dir='ltr'><strong>borum</strong></span> <span class='ocrx_word' id='word_1_257' title='bbox 399 3913 541 3970; x_wconf 68' lang='lat' dir='ltr'><strong>librorum</strong></span> <span class='ocrx_word' id='word_1_258' title='bbox 558 3915 638 3971; x_wconf 83' lang='lat' dir='ltr'><strong>iosos</strong></span> <span class='ocrx_word' id='word_1_259' title='bbox 656 3914 797 3986; x_wconf 64' lang='lat' dir='ltr'><strong>adtingit,</strong></span> <span class='ocrx_word' id='word_1_260' title='bbox 825 3915 883 3982; x_wconf 76' lang='lat' dir='ltr'><strong>W,</strong></span> <span class='ocrx_word' id='word_1_261' title='bbox 902 3923 954 3982; x_wconf 85' lang='lat'><strong>1⁰,</strong></span> <span class='ocrx_word' id='word_1_262' title='bbox 992 3918 1043 3973; x_wconf 84' lang='lat' dir='ltr'><strong>ubi</strong></span> <span class='ocrx_word' id='word_1_263' title='bbox 1062 3919 1129 3974; x_wconf 80' lang='lat' dir='ltr'><strong>Aldi</strong></span> <span class='ocrx_word' id='word_1_264' title='bbox 1149 3920 1303 3995; x_wconf 80' lang='lat' dir='ltr'><strong>interpola-</strong></span> 
     </span>
     <span class='ocr_line' id='line_1_33' title="bbox 275 4001 1302 4078; baseline 0.013 -22"><span class='ocrx_word' id='word_1_265' title='bbox 275 4001 385 4058; x_wconf 77' lang='lat' dir='ltr'><strong>tionem</strong></span> <span class='ocrx_word' id='word_1_266' title='bbox 401 4005 552 4078; x_wconf 77' lang='lat' dir='ltr'><strong>inprobat,</strong></span> <span class='ocrx_word' id='word_1_267' title='bbox 586 4016 616 4065; x_wconf 85' lang='lat' dir='ltr'><strong>et</strong></span> <span class='ocrx_word' id='word_1_268' title='bbox 633 4008 678 4072; x_wconf 85' lang='lat' dir='ltr'><strong>V,</strong></span> <span class='ocrx_word' id='word_1_269' title='bbox 696 4014 751 4071; x_wconf 73' lang='lat'><strong>70,</strong></span> <span class='ocrx_word' id='word_1_270' title='bbox 770 4007 822 4062; x_wconf 84' lang='lat' dir='ltr'><strong>ubi</strong></span> <span class='ocrx_word' id='word_1_271' title='bbox 841 4007 971 4066; x_wconf 74' lang='lat' dir='ltr'><strong>defendit</strong></span> <span class='ocrx_word' id='word_1_272' title='bbox 987 4010 1118 4066; x_wconf 79' lang='lat' dir='ltr'><strong>codicum</strong></span> <span class='ocrx_word' id='word_1_273' title='bbox 1138 4013 1302 4069; x_wconf 79' lang='lat' dir='ltr'><strong>testimonio</strong></span> 
     </span>
     <span class='ocr_line' id='line_1_34' title="bbox 275 4093 1104 4175; baseline 0.017 -29"><span class='ocrx_word' id='word_1_274' title='bbox 275 4093 425 4160; x_wconf 75' lang='lat' dir='ltr'><strong>dissensio,</strong></span> <span class='ocrx_word' id='word_1_275' title='bbox 441 4106 471 4154; x_wconf 90' lang='lat' dir='ltr'><strong>et</strong></span> <span class='ocrx_word' id='word_1_276' title='bbox 490 4105 595 4165; x_wconf 70' lang='lat' dir='ltr'><strong>umen,</strong></span> <span class='ocrx_word' id='word_1_277' title='bbox 612 4119 670 4175; x_wconf 83' lang='lat' dir='ltr'><strong>quo</strong></span> <span class='ocrx_word' id='word_1_278' title='bbox 690 4100 851 4172; x_wconf 78' lang='lat' dir='ltr'><strong>pertinent,</strong></span> <span class='ocrx_word' id='word_1_279' title='bbox 869 4110 955 4173; x_wconf 72' lang='lat' dir='ltr'><strong>negat</strong></span> <span class='ocrx_word' id='word_1_280' title='bbox 972 4119 1004 4158; x_wconf 86' lang='lat' dir='ltr'><strong>se</strong></span> <span class='ocrx_word' id='word_1_281' title='bbox 1023 4105 1104 4160; x_wconf 82' lang='lat' dir='ltr'><strong>seire.</strong></span> 
     </span>
    </p>

    <p class='ocr_par' dir='ltr' id='par_1_6' title="bbox 223 4183 1299 4453">
     <span class='ocr_line' id='line_1_35' title="bbox 223 4183 1299 4271; baseline 0.013 -33"><span class='ocrx_word' id='word_1_282' title='bbox 223 4183 255 4252; x_wconf 83' lang='lat'><strong>¹)</strong></span> <span class='ocrx_word' id='word_1_283' title='bbox 272 4183 335 4241; x_wconf 78' lang='lat' dir='ltr'><strong>ileo</strong></span> <span class='ocrx_word' id='word_1_284' title='bbox 352 4186 480 4244; x_wconf 83' lang='lat' dir='ltr'><strong>editione</strong></span> <span class='ocrx_word' id='word_1_285' title='bbox 497 4209 584 4264; x_wconf 75' lang='lat' dir='ltr'><strong>quom</strong></span> <span class='ocrx_word' id='word_1_286' title='bbox 605 4194 674 4249; x_wconf 82' lang='lat' dir='ltr'><strong>inde</strong></span> <span class='ocrx_word' id='word_1_287' title='bbox 691 4213 708 4248; x_wconf 85' lang='grc' dir='ltr'><strong>ι</strong></span> <span class='ocrx_word' id='word_1_288' title='bbox 727 4193 797 4250; x_wconf 86' lang='lat' dir='ltr'><strong>iibri</strong></span> <span class='ocrx_word' id='word_1_289' title='bbox 815 4193 841 4247; x_wconf 83' lang='lat' dir='ltr'>V</span> <span class='ocrx_word' id='word_1_290' title='bbox 858 4193 944 4249; x_wconf 79' lang='lat' dir='ltr'><strong>initio</strong></span> <span class='ocrx_word' id='word_1_291' title='bbox 962 4195 1005 4249; x_wconf 80' lang='lat' dir='ltr'><strong>uti</strong></span> <span class='ocrx_word' id='word_1_292' title='bbox 1025 4198 1202 4271; x_wconf 81' lang='lat' dir='ltr'><strong>coepissem,</strong></span> <span class='ocrx_word' id='word_1_293' title='bbox 1220 4201 1299 4255; x_wconf 78' lang='lat' dir='ltr'><strong>nolui</strong></span> 
     </span>
     <span class='ocr_line' id='line_1_36' title="bbox 272 4275 1298 4360; baseline 0.01 -27"><span class='ocrx_word' id='word_1_294' title='bbox 272 4275 385 4334; x_wconf 68' lang='lat' dir='ltr'><strong>Uannii</strong></span> <span class='ocrx_word' id='word_1_295' title='bbox 403 4299 526 4349; x_wconf 77' lang='lat' dir='ltr'><strong>nonen,</strong></span> <span class='ocrx_word' id='word_1_296' title='bbox 560 4286 639 4360; x_wconf 80' lang='lat' dir='ltr'><strong>qnod</strong></span> <span class='ocrx_word' id='word_1_297' title='bbox 664 4288 697 4343; x_wconf 82' lang='lat' dir='ltr'><strong>in</strong></span> <span class='ocrx_word' id='word_1_298' title='bbox 714 4284 913 4358; x_wconf 70' lang='lat' dir='ltr'><strong>superinmittis</strong></span> <span class='ocrx_word' id='word_1_299' title='bbox 938 4286 1164 4360; x_wconf 73' lang='lat' dir='ltr'><strong>perimerent,</strong></span> <span class='ocrx_word' id='word_1_300' title='bbox 1200 4293 1298 4349; x_wconf 81' lang='lat' dir='ltr'><strong>eicere.</strong></span> 
     </span>
     <span class='ocr_line' id='line_1_37' title="bbox 272 4366 684 4453; baseline 0.027 -31"><span class='ocrx_word' id='word_1_301' title='bbox 272 4366 329 4426; x_wconf 74' lang='lat' dir='ltr'><strong>nic</strong></span> <span class='ocrx_word' id='word_1_302' title='bbox 347 4389 417 4438; x_wconf 82' lang='lat' dir='ltr'><strong>rem,</strong></span> <span class='ocrx_word' id='word_1_303' title='bbox 434 4382 469 4430; x_wconf 86' lang='lat' dir='ltr'><strong>nt</strong></span> <span class='ocrx_word' id='word_1_304' title='bbox 488 4384 549 4440; x_wconf 80' lang='lat' dir='ltr'><strong>est,</strong></span> <span class='ocrx_word' id='word_1_305' title='bbox 566 4396 684 4453; x_wconf 85' lang='lat' dir='ltr'><strong>expono.</strong></span> 
     </span>
    </p>
   </div>
   <div class='ocr_carea' id='block_1_6' title="bbox 0 0 1358 5018">
    <p class='ocr_par' dir='ltr' id='par_1_7' title="bbox 0 0 1358 5018">
     <span class='ocr_line' id='line_1_38' title="bbox 0 0 1358 5018; baseline 0 5"><span class='ocrx_word' id='word_1_306' title='bbox 0 0 1358 5018; x_wconf 95' lang='lat' dir='ltr'><strong> </strong></span> 
     </span>
    </p>
   </div>
  </div>
 </body>
</html>
