2706 5018
148 363 211 423 1⁰8
420 420 426 435 ,
461 362 465 367 ’
497 359 558 423 DE
580 357 758 425 FlNlBUS
780 356 884 424 Bon.

61 556 69 573 ⁸
147 567 257 617 tamen
280 575 458 640 permagna
477 554 625 617 adeessio
649 568 775 640 potent,
809 556 839 617 ai
862 551 997 638 aliquod
1015 565 1171 617 aeternur

147 659 313 723 infinitum
335 660 514 744 inpendere
538 659 659 722 malum
686 659 780 723 nobis
804 663 987 746 opinemur.
1036 657 1169 734 Quodi

147 765 226 829 lieet
250 767 426 829 transferre
452 768 484 827 in
509 765 733 851 uoluptatem,
770 780 804 828 nt
824 788 863 829 ea
886 767 990 829 maior
1010 765 1074 842 ait,
1108 766 1140 826 ni
1164 786 1172 826 r

147 871 211 935 tale
244 886 437 936 metuamus.
478 874 531 934 56.
561 871 630 935 lam
669 871 749 934 illud
788 871 918 958 quidem
953 873 1169 957 perspicuum

146 999 336 1042 maxumam
357 980 458 1041 animi
480 990 535 1041 aut
559 977 762 1062 uoluptatem
787 992 842 1041 aut
869 976 1056 1041 molestiam
1088 976 1169 1062 plna

145 1085 186 1147 ad
209 1084 338 1148 beatam
365 1085 479 1149 autad
504 1087 654 1147 miseram
677 1087 779 1147 uitam
798 1085 925 1148 adferre
950 1087 1124 1163 momenti,
1147 1107 1171 1170 q*

140 1187 256 1254 ¹eorum
282 1195 463 1269 utrumuis,
488 1193 516 1254 ai
541 1212 644 1274 aeque
668 1191 723 1253 din
748 1194 790 1253 ait
815 1194 846 1254 in
872 1213 1020 1275 eorpore.
1069 1188 1150 1255 Non

145 1310 196 1361 cet
220 1310 351 1377 autem,
381 1299 526 1361 detracta
549 1295 739 1382 uoluptate,
763 1298 1002 1380 aegritudinem
1026 1298 1144 1359 atatim
1168 1324 1171 1349 ι

196 1470 298 1525 aliquod)
312 1470 409 1527 ottqntet
423 1480 510 1511 omnen.
587 1465 622 1511 od.
637 1467 738 1523 quidem)
754 1468 852 1524 quoue
894 1470 932 1521 ed)
946 1480 990 1513 our.
1005 1466 1027 1512 Β
1042 1467 1098 1522 (bia)
1141 1468 1171 1512 be

143 1546 196 1592 add.
210 1548 290 1590 nuum
305 1546 324 1589 L
353 1544 477 1595 utrumuis)
493 1545 623 1598 utriunque
638 1545 764 1586 ntrumuta
778 1544 800 1588 li

122 1692 253 1771 ¹tempu·
273 1700 433 1770 cogitatur:
452 1716 486 1750 ue
504 1715 583 1767 quom
601 1714 655 1749 nou
674 1699 796 1750 dolemus
809 1715 933 1766 corpore,
953 1700 1027 1769 quod
1047 1718 1165 1755 aeneum

143 1792 240 1846 habet.
286 1791 457 1862 conparatio
477 1808 536 1843 eoae
562 1790 699 1843 debebat:
737 1797 822 1859 utque
847 1807 961 1858 corpore
988 1791 1115 1845 delerant
1140 1794 1171 1866 (q

140 1892 262 1955 utroque
279 1885 431 1953 dolemus).
473 1884 574 1935 Deleta
593 1883 645 1935 illa
664 1899 751 1945 uoco,
771 1880 866 1933 omnia
884 1891 963 1935 reeta
981 1891 1084 1936 erunt:
1105 1887 1145 1938 Ut
1162 1903 1171 1936 r

140 1984 218 2042 turn,
244 1995 330 2048 qnorn
348 1993 467 2047 corpore
486 1976 630 2038 dolemus,
661 1991 715 2026 non
736 1971 873 2025 minorem
893 1975 1025 2028 dolorem
1047 1977 1171 2048 percipit

139 2072 237 2141 (qnam
254 2087 341 2140 quom
359 2068 485 2130 animo),
522 2066 562 2118 ita
582 2073 612 2118 ut
626 2067 748 2119 nondum
770 2066 797 2118 in
817 2065 877 2135 ipro
897 2074 1042 2120 momento
1059 2069 1172 2139 percipi

137 2160 281 2231 pruenti·
302 2159 407 2212 doloria
426 2160 547 2211 excellat
564 2156 652 2212 animi
678 2160 779 2220 dolor,
816 2165 910 2210 tamen
929 2174 1092 2230 permagna
1110 2163 1171 2215 adet

138 2253 203 2304 fieri
220 2259 312 2321 potent
330 2251 382 2304 dre.
438 2251 524 2303 Gzina
545 2252 632 2306 tradit
651 2269 702 2323 pro
729 2252 802 2303 enirn
824 2251 892 2303 duoo
910 2266 975 2302 onor
993 2250 1106 2304 cortice·
1127 2254 1171 2307 hu]

138 2361 202 2406 non,
223 2343 493 2406 oxnotno.aeilieet‚
519 2345 604 2396 dnos:
625 2343 917 2412 aepuenoadoleomur'·
944 2344 1048 2397 Paullo
1056 2347 1171 2414 portali

137 2436 269 2490 sollemni
289 2436 318 2489 in
338 2435 383 2488 hir
404 2433 484 2488 libris
502 2436 710 2505 permutatione
739 2433 823 2488 etiarn
850 2437 963 2505 ’'plnreo
986 2438 1105 2508 eeripti’'
1132 2440 1171 2492 Gr

136 2547 169 2594 χς
188 2529 245 2583 nid.
265 2530 298 2580 ad
320 2530 333 2595 ᾗ
355 2528 397 2581 18.
433 2530 499 2581 Mox
521 2547 553 2580 eu
571 2538 632 2597 poat
652 2528 779 2580 nthine
798 2526 825 2580 in
846 2529 911 2581 Bao.
932 2536 959 2581 et
978 2530 1021 2582 ed.
1035 2528 1126 2583 Marsi
1142 2548 1171 2585 ot

137 2621 214 2681 dicit,
233 2621 268 2672 de
286 2622 381 2673 Murro
403 2622 504 2673 saltem
526 2622 607 2672 tnlso.

206 2711 250 2764 56.
288 2717 349 2764 lom
368 2712 440 2764 illud
457 2712 565 2779 quidem
581 2711 759 2779 perspicuum
786 2714 827 2778 et)
862 2713 1047 2768 Perlrreniter
1073 2714 1171 2785 oddag

136 2820 181 2856 rer
200 2804 337 2870 obaenrn,
371 2822 430 2874 qun
449 2821 584 2873 nrroquum
601 2805 672 2856 alibi
693 2805 850 2872 exponitur.
890 2806 962 2858 lt‘nm
983 2823 1069 2875 quom
1091 2813 1160 2860 onte

135 2896 218 2963 gnta·
239 2894 326 2949 animi
345 2902 373 2949 et
391 2896 516 2967 eorporis
536 2900 697 2968 uoluptates
724 2898 892 2965 doloreeque
922 2906 1123 2967 conparatum,
1160 2916 1171 2952 r

136 2983 405 3060 negat‚'ntrinaqne
421 2990 535 3059 generis
554 2992 673 3042 eundern
693 2990 751 3042 nirn
772 3006 834 3042 eoae
852 2991 887 3041 ad
908 2997 999 3042 totum
1016 2997 1124 3045 etatum
1143 2985 1171 3046 ari

134 3083 229 3148 μονίασ
251 3082 434 3134 celicientlnm
455 3088 504 3135 aut
522 3080 712 3137 minuendum.
765 3082 796 3133 ln
816 3098 871 3152 quo
889 3080 996 3147 miror,
1032 3083 1108 3152 qnod
1127 3098 1171 3137 nor

134 3171 283 3225 discrimen
304 3173 372 3226 oriri
391 3175 478 3244 ponit
495 3183 595 3244 prater
616 3177 721 3246 gradun
741 3174 824 3236 illue,
842 3191 911 3244 quor
931 3182 996 3227 anta
1014 3175 1126 3244 poeuit3
1165 3191 1171 3226 r

137 3278 243 3330 genere
261 3280 316 3316 oon
335 3264 485 3317 differebat
506 3273 624 3336 utruque
642 3268 783 3335 uoluptas.
821 3266 875 3318 Sed
895 3266 1054 3334 Epicurus,
1085 3282 1172 3335 quor

133 3352 278 3415 innuerat,
316 3371 412 3407 rurant
432 3356 545 3407 diuellit
564 3364 591 3408 et
617 3356 706 3409 utitur
729 3356 885 3411 incurioaua
909 3357 1052 3412 communi
1080 3357 1171 3411 lrornir

133 3443 265 3511 opinione
285 3447 320 3497 do
338 3445 425 3497 animi
444 3447 598 3516 rrolnptatio
618 3454 645 3501 et
662 3447 770 3502 doloris
788 3450 828 3504 ui.

201 3535 265 3588 Non
278 3539 373 3605 plueet
391 3543 482 3590 nutem
504 3536 570 3607 dre.)
590 3541 658 3593 Hae
677 3542 855 3613 Torquatuo‚
875 3541 903 3593 id
924 3548 982 3606 eat,
1002 3542 1102 3595 cicero
1128 3556 1171 3611 pat

131 3627 328 3698 neglegentior
350 3630 473 3698 exponit.
508 3632 581 3684 Nam
599 3634 677 3697 nec,
702 3636 816 3702 quiade
836 3636 948 3687 sublato
967 3634 1060 3687 medio
1080 3633 1157 3717 intep·

130 3721 271 3788 luptatem
290 3729 317 3774 et
338 3723 467 3776 dolorem
486 3725 638 3790 dieantur,
656 3743 749 3794 neque
767 3727 814 3779 lric
833 3745 897 3781 eum
917 3726 1017 3779 eeterir
1036 3725 1171 3779 eolroeront

129 3811 223 3879 posita
242 3821 322 3867 erunt
342 3815 399 3866 ium
418 3816 432 3883 5
449 3815 493 3879 88,
512 3823 541 3870 et
558 3833 647 3886 praue
664 3820 854 3885 concluditur,
873 3819 940 3871 lrinc
959 3817 1100 3888 intellegi,
1119 3832 1171 3887 qut

128 3905 263 3974 uoluptua
280 3905 317 3959 ait
334 3923 389 3959 non
408 3909 525 3972 dotem
550 3925 618 3961 narn
636 3908 773 3980 Epicurum
800 3918 916 3976 eontra,
944 3927 1030 3981 quom
1048 3908 1171 3963 ostendit

128 3994 231 4049 innon
250 3998 370 4051 dolendo
390 3997 447 4053 iarn
466 4018 526 4053 eme
547 4003 740 4070 uoluptatem,
778 4003 1028 4067 hinceclieiebat,
1067 3998 1171 4055 nihile

128 4086 262 4142 medinm.
310 4091 431 4145 Omnino
449 4093 524 4158 liae,
553 4111 613 4161 qun
631 4094 666 4146 nd
687 4094 830 4148 notionem
851 4095 1006 4165 uoluptati·
1025 4092 1171 4163 explicui

126 4181 279 4252 pertinent,
298 4182 402 4238 reetinr
420 4186 500 4239 initio
520 4186 612 4255 potita
630 4194 740 4251 omenta
772 4189 820 4240 red
841 4189 868 4240 id
888 4205 923 4240 ne
941 4187 1002 4257 ipae
1020 4184 1135 4256 quidem
1152 4185 1171 4237 E

128 4292 210 4327 enrua
229 4292 343 4329 euroeae
362 4276 493 4340 uidetur,
528 4285 560 4331 nt
578 4286 656 4333 eerto
675 4278 774 4333 ordine
794 4282 853 4335 liae
871 4285 1088 4351 exponerentur.
1125 4279 1171 4347 Qu

127 4366 154 4419 in
172 4369 299 4425 rolelrrm
317 4366 471 4437 inciderat,
492 4371 637 4426 oriebatur
657 4390 730 4425 nona
749 4371 897 4429 tentantia.
