2706 5018
126 356 188 417 158
477 349 536 415 DE
559 347 736 417 FlNlBUS
758 348 862 414 Bon.
911 292 914 305 Ι

125 562 213 613 certe
244 569 308 611 noo
339 544 552 630 pereruditos.
606 549 658 611 18.
680 546 771 632 Ergo
801 542 854 609 illi
881 542 1105 631 intellegunt,
1148 546 1213 630 quis

126 656 287 740 Epicurus
311 655 414 730 dicat,
447 676 509 738 ego
535 673 599 715 non
622 651 806 735 intellegol
836 648 881 715 Ut
903 653 990 714 scies
1014 671 1069 715 me
1091 648 1213 715 intelle

127 783 226 848 gere,
268 763 406 844 primum
441 759 527 822 idem
551 754 659 845 [esse]
685 758 758 823 dico
783 759 1003 840 uoluptatem,
1054 757 1143 842 qnod
1167 754 1213 821 ills

127 857 269 953 ἡδονήν.
340 866 382 929 Et
413 867 541 953 quidem
571 885 670 949 saepe
695 866 881 949 quaerimus
906 861 1047 927 uerbum
1069 862 1213 927 Letinnss

128 996 186 1058 par
213 972 339 1036 Graeco
372 986 404 1035 et
425 974 507 1057 quod
534 971 619 1034 idem
645 970 775 1048 ualeat3
822 970 876 1034 hic
900 969 982 1033 nihil
1008 969 1092 1050 fuit,
1140 968 1213 1054 quel

129 1100 371 1167 quaereremus.
419 1076 556 1141 Nullum
577 1080 718 1141 inueniri
744 1090 870 1162 potest,
902 1075 989 1162 quod
1012 1077 1121 1161 magis
1138 1075 1212 1139 ides

127 1186 271 1251 declaret
293 1186 433 1262 Latine,
476 1184 561 1271 qnod
585 1181 731 1261 Graece,
769 1205 865 1268 quam
888 1183 1037 1248 declarat
1061 1183 1213 1266 uolrptss.

183 1369 345 1423 certe)om.11
398 1369 431 1415 m.
446 1367 616 1424 qnidlquodR
646 1367 727 1422 [esse])
741 1364 918 1410 sincnnclsor.
947 1362 1211 1423 dicosolnptstemnsl.

128 1446 243 1491 rttcoMc
277 1444 582 1500 etquidemtmqomemss
616 1445 701 1502 potest)
717 1441 945 1497 oereemposmtt
973 1441 1213 1498 qnodflrsesm·

130 1524 219 1565 Groece
232 1520 252 1563 E
267 1522 330 1574 queri
346 1521 434 1565 Groecs
451 1508 531 1583 ἡδονή
552 1522 591 1565 Or.

129 1706 188 1753 tote
208 1696 336 1751 Ciceroni
362 1695 422 1751 sine
449 1697 536 1752 dubio
562 1698 661 1769 ignote
681 1701 743 1750 eret
761 1712 794 1748 ee
816 1695 937 1749 lnrtssse
957 1697 1051 1751 multo
1073 1703 1134 1768 post
1153 1696 1209 1753 fleis

130 1800 171 1855 st,
202 1799 230 1844 et
247 1797 324 1844 certe
343 1792 379 1844 oli
399 1789 605 1861 Epicureorum
625 1797 753 1859 tempore
771 1794 800 1842 et
818 1789 856 1841 eb
871 1789 926 1841 heo
944 1789 1147 1859 conparatione
1161 1802 1213 1843 ιι·

133 1884 225 1937 miuus
245 1891 354 1938 remoto
373 1901 457 1952 quem
476 1900 494 1936 u
512 1880 655 1936 Ciceronis
674 1882 813 1934 lectorum
832 1879 952 1946 notitiem
989 1898 1041 1935 uec
1059 1880 1114 1935 dici
1131 1882 1213 1951 psldi

131 1978 270 2046 conligere
295 1978 330 2028 de
357 1977 495 2044 Pelasgis.
552 1975 685 2029 Ceterum
720 1973 796 2045 epusl
828 1972 1007 2042 Stephanum
1034 1956 1213 2027 uerisssnnll

133 2086 193 2121 esee
214 2070 400 2138 Pelasgorum
420 2084 521 2120 nomen
544 2084 595 2120 nec
614 2084 678 2119 cnm
700 2065 805 2119 Restio
827 2071 855 2118 ot
876 2065 1035 2119 Goerenzio
1056 2065 1116 2138 (qni
1134 2064 1203 2119 rurs

133 2162 168 2212 sto
186 2160 319 2213 Eustatlri
339 2161 395 2212 une
419 2159 447 2213 in
478 2159 562 2212 rebus
590 2159 625 2211 ed
645 2158 758 2212 lteliem
777 2157 969 2231 spectantibus
988 2158 1117 2229 quesisse
1131 2154 1172 2211 nil

130 2253 214 2319 uolt)
233 2249 411 2304 subiciendus
432 2248 583 2315 artocreis,
601 2249 758 2322 inspicienti
776 2250 862 2304 lecile
880 2249 1000 2320 patebit.

202 2342 243 2396 13.
281 2345 351 2396 idem
371 2344 453 2412 [esse]
480 2345 541 2397 dico
567 2344 751 2412 uoluptatem)
788 2342 819 2396 si
835 2342 976 2396 retinetur
998 2358 1077 2405 csse,
1104 2343 1156 2395 hec
1169 2338 1207 2393 ἤ

132 2434 286 2489 sententis:
304 2436 504 2504 ”Uoluptatem
522 2436 585 2490 dico
605 2456 665 2490 esse
683 2436 758 2489 idem
777 2433 821 2502 (id
841 2442 900 2499 est,
919 2435 1039 2488 eandem
1057 2436 1128 2503 rem)
1142 2426 1213 2505 qut]

131 2525 181 2580 ille
201 2524 298 2597 ἡδονήν
318 2544 379 2579 esse
398 2525 502 2592 slicit‚'’
541 2531 616 2600 quud
636 2537 726 2583 tntum
750 2544 916 2598 peruersum
935 2533 980 2590 st,·
1008 2543 1074 2580 nem
1091 2508 1213 2605 sinen-'l

132 2620 265 2686 reptatam
284 2626 311 2672 et
328 2616 458 2688 ἡδονήν
476 2621 596 2675 subiecti
616 2621 679 2674 loco
699 2622 855 2684 hebemus,
876 2636 930 2672 non
951 2618 1066 2673 dicebat
1082 2618 1212 2689 Epicufl'

133 2710 341 2783 nequeCicero‚
361 2713 539 2780 uoluptatem
559 2728 620 2765 csse
639 2712 726 2765 etiem
746 2713 873 2783 aliquem
893 2728 964 2775 rem,
984 2709 1047 2766 siue
1066 2711 1134 2764 idern
1148 2706 1213 2763 ot·

132 2801 237 2857 iectum
258 2811 383 2873 putetur,
403 2822 457 2857 nnn
478 2804 630 2873 queritur,
668 2823 728 2874 qne·
748 2823 792 2858 res
811 2804 848 2857 sit
866 2806 1003 2874 uoluptas
1021 2805 1091 2870 (linc
1107 2810 1146 2856 est
1159 2800 1200 2855 lat·

132 2895 200 2959 tine,
220 2897 396 2965 uoluptatem
415 2895 550 2960 reliciat).
588 2896 709 2950 Omnino
732 2915 786 2949 nnn
806 2898 840 2949 rle
855 2914 885 2949 re
902 2896 999 2963 (erse),
1017 2898 1066 2949 scil
1081 2898 1116 2949 tle
1129 2890 1202 2949 nsul-

131 3005 167 3040 ue
186 2987 291 3058 agitur,
309 2988 669 3057 disputetururquecicero
688 2990 723 3040 sle
746 2988 774 3040 ui
793 3006 826 3042 uc
849 2988 962 3042 notione
980 2988 1021 3041 rei
1037 2990 1155 3060 primunt
1167 2980 1202 3037 li·

132 3078 180 3143 cit,
202 3098 252 3147 pro
273 3082 370 3133 Graeco
389 3078 505 3151 Epicuri
525 3087 638 3135 nomine
655 3100 685 3134 sc
703 3080 836 3135 Latinum
855 3082 1038 3146 substituere,
1057 3076 1207 3153 quotins

133 3170 291 3240 significet:
311 3174 423 3241 ’'Quem
443 3191 502 3226 rem
523 3173 574 3227 ille
591 3168 688 3243 ἡδονήν
706 3175 850 3244 appellnt,
879 3176 998 3228 eandem
1018 3191 1072 3245 ego
1087 3172 1209 3241 uotopn·

136 3263 219 3314 teur.''
262 3264 318 3315 Aut
335 3262 425 3333 igitur
443 3267 594 3320 delendum
614 3273 640 3319 st
656 3283 715 3318 esse
736 3273 787 3319 eut
806 3266 900 3334 potius
917 3266 1114 3319 scribendum
1147 3261 1209 3316 tt·

134 3369 202 3421 ego
224 3355 295 3415 dico,
316 3362 347 3407 ut
366 3356 433 3408 lruic
451 3355 611 3427 pronomini
630 3357 806 3410 contrarium
820 3356 856 3409 sit
874 3358 1062 3413 alterumillc.
1091 3359 1209 3425 cosp!-

134 3444 180 3496 dio
200 3440 304 3497 cimiliu
321 3454 397 3501 sunt.
451 3449 518 3502 Dico
543 3451 713 3518 uoluptatem
742 3466 838 3502 omnes
857 3449 910 3503 Gsi
929 3457 1045 3522 excepto
1067 3444 1213 3505 (tutta

133 3534 172 3588 sic
188 3537 250 3589 lere
269 3538 330 3590 edd.
350 3546 416 3592 ante
434 3542 596 3596 Monetium
615 3544 659 3606 (P.
677 3543 776 3606 Mers„
795 3542 883 3607 Cret,
903 3542 1011 3612 Uict.)3
1032 3545 1069 3598 sb
1088 3544 1138 3599 illo
1151 3534 1213 3595 isi..

135 3628 219 3682 terite
238 3629 345 3683 editum
364 3633 418 3684 uel.
441 3635 511 3692 dieo.

202 3723 274 3775 sileni
292 3723 418 3775 declarat
436 3725 536 3778 natine
553 3728 625 3794 quod
645 3725 754 3794 Groece)
773 3727 880 3796 Aperte
900 3728 1040 3781 sententie
1057 3732 1094 3793 st,
1110 3723 1213 3779 nnus!

134 3831 193 3868 esse
208 3813 341 3867 Latinam
360 3833 478 3881 nornen,
515 3821 590 3889 quod
610 3819 740 3872 Grecum
760 3819 813 3873 sibi
832 3820 1006 3890 respondens
1023 3818 1115 3890 mugio
1130 3808 1213 3885 espti‘

133 3913 202 3967 met,
225 3924 311 3976 quem
329 3909 463 3977 uoluptas
481 3908 619 3979 exprimet
637 3910 692 3976 (iil,
713 3913 787 3981 qnod
808 3908 832 3963 ei
851 3912 1050 3982 respondeam
1087 3909 1169 3981 igitur
1181 3900 1213 3957 ὶΙ

134 3998 190 4050 hoc
213 3997 326 4052 nomine
352 4018 492 4054 summum
527 4020 588 4057 esse
616 4003 809 4072 equalitatem
834 4011 863 4057 et
888 4003 1027 4057 maiorem
1051 4002 1113 4055 lsrs
1135 4004 1213 4072 qus!

134 4087 212 4144 siim.
251 4090 306 4143 Sed
324 4093 442 4147 conlnsn
461 4093 574 4149 notione
594 4097 731 4162 nominis,
750 4096 824 4168 qnod
843 4097 948 4167 duplex
968 4101 1026 4160 est,
1046 4096 1170 4149 (incuss
1184 4102 1213 4143 Ι

133 4183 284 4248 Latinum,
322 4192 349 4238 ct
368 4184 426 4248 rei,
462 4205 523 4257 quse
543 4204 600 4243 uns
617 4198 660 4254 st,
686 4187 885 4260 neglegentius
904 4183 1123 4242 etbrcuinssic
1140 4176 1213 4239 osi!

133 4281 280 4345 temquem
296 4294 384 4329 unum
403 4286 476 4332 esset
495 4280 622 4336 eiusdem
642 4280 683 4335 rei
702 4298 804 4334 nomcn
819 4281 949 4334 Groecum
966 4284 995 4333 et
1013 4278 1154 4343 lustinum,
1169 4282 1213 4329 su

134 4366 274 4437 tinuitque
293 4366 366 4421 idem
384 4370 544 4427 subiectum
570 4374 600 4427 in
627 4380 749 4444 utraque
768 4380 850 4443 perte
868 4370 1012 4427 sertensi:
1030 4371 1111 4435 (iden
1127 4366 1213 4427 ΜΕ
