2730 5016
562 349 818 417 PliAEl'ATIO.
1214 362 1245 424 V

159 538 259 598 citans:
283 542 377 596 ortes
399 555 530 621 quoque
552 540 739 621 requiritur,
764 534 810 599 ibi
835 535 986 601 desinere
1008 538 1133 603 scribit.
1173 539 1243 606 llo·

156 664 212 704 rum
233 642 384 705 codicum
412 639 575 706 Gruterus
601 642 720 706 multas
742 644 921 729 scripturos
944 644 1132 725 adnotauit,
1167 646 1240 730 plu·
1268 663 1270 666 ’

156 751 209 825 ris,
229 751 328 811 etiarn
355 746 501 814 Palatini
525 752 640 835 primi,
666 751 793 824 ornisit;
817 771 877 814 nec
901 771 977 830 eas,
1000 773 1081 838 quas
1106 753 1242 817 adnota-

153 857 209 932 uit',
237 857 318 918 satis
341 877 475 942 semper
493 855 670 941 diligenter
690 878 796 942 nequa
821 855 918 943 plene
938 860 1067 941 posuit,
1086 859 1142 921 sed
1167 872 1239 921 teu-

154 977 211 1024 tom
234 983 307 1025 eam
332 974 566 1048 partemque
591 965 624 1026 in
649 961 763 1026 oculos
785 961 991 1041 incurrebat,
1010 976 1046 1026 nt
1069 961 1121 1041 ll,
1143 965 1186 1026 20
1207 978 1239 1026 et

151 1069 204 1145 3⁰,
232 1090 303 1152 quae
328 1067 488 1155 exempla
513 1089 570 1155 pro
594 1068 707 1132 multis
729 1066 911 1135 sufficiunt.
959 1068 995 1132 ld
1020 1090 1148 1154 quoque
1168 1071 1238 1132 ani·

149 1173 324 1254 maduerti,
369 1174 564 1260 particulam
595 1181 644 1238 ric
669 1175 734 1255 (rr‘c
756 1175 830 1237 Pul.
851 1177 890 1252 l,
935 1179 1113 1238 siceranes
1136 1175 1237 1257 Poll.)

148 1280 302 1344 interdum
329 1283 376 1345 ita
399 1284 491 1367 poni,
515 1295 551 1346 ut
575 1303 639 1346 non
666 1282 838 1345 adomnia
863 1303 902 1345 ea
925 1279 1038 1360 nerbn,
1060 1302 1131 1367 quse
1155 1303 1237 1366 prec-

144 1388 259 1470 scripta
286 1389 372 1466 sint,
419 1392 601 1470 pertineat,
644 1389 701 1452 sed
730 1390 892 1452 ndunurn
915 1387 1067 1473 aliquod,
1110 1389 1236 1472 dequo

146 1488 302 1554 Gruterus
325 1493 506 1581 cogitabat,
527 1511 583 1560 eut
606 1495 721 1582 plura;
742 1494 835 1559 uelut
856 1494 900 1574 ll,
921 1498 964 1559 45
980 1497 1012 1558 ἱιι
1036 1493 1107 1558 Pal.
1132 1499 1149 1557 l
1170 1515 1235 1556 nou

145 1619 209 1660 erat
232 1599 366 1677 datura,
389 1611 589 1689 mentemque
608 1614 640 1667 et
665 1624 793 1680 ocrem,
825 1602 883 1679 sed
903 1602 1014 1665 dutum
1036 1609 1236 1685 metueretque

145 1726 267 1779 nerem
316 1711 476 1772 remansit
499 1718 531 1772 et
555 1730 601 1773 ex
631 1710 837 1795 superiorum
858 1709 1038 1771 editionum
1062 1710 1234 1791 scriptura·

144 1809 254 1896 Neque
276 1811 336 1877 illa
362 1812 549 1879 adfirmatio
580 1816 620 1879 ad
655 1812 832 1878 uerborum
861 1816 1125 1899 praescriptorum
1151 1813 1236 1875 ordi·

144 1940 215 1981 nem
238 1923 398 2003 pertinet,
428 1942 470 1986 ne
495 1921 540 1986 ibi
564 1922 714 2008 quidem,
736 1919 799 1984 ubi
816 1923 849 1984 in
875 1942 915 1984 ee
939 1941 992 1983 res
1017 1921 1178 1997 uertitur,
1201 1931 1235 1981 ut

143 2023 166 2101 l,
185 2030 243 2090 1⁰:
264 2028 323 2089 sel
342 2025 437 2091 trebir
460 2028 587 2108 dicam,
609 2026 665 2091 ubi
689 2040 812 2092 certum
838 2041 886 2106 st,
925 2029 959 2089 in
983 2024 1055 2091 Pal.
1079 2028 1117 2103 1,
1141 2038 1174 2086 ut
1199 2027 1232 2086 in

143 2136 255 2195 ceteris
279 2132 393 2212 bonis,
412 2134 533 2200 fuisse:
554 2136 611 2199 uel
625 2135 751 2212 dicum,
774 2133 878 2198 nobis.
926 2133 1048 2198 Praeter
1071 2152 1127 2195 eas
1154 2131 1233 2194 scri·

142 2253 271 2321 ptores,
293 2261 374 2324 quas
398 2237 560 2305 Gruterus
584 2244 617 2306 in
640 2244 727 2305 notis
750 2243 880 2326 posuit,
901 2259 1000 2303 unum
1026 2252 1059 2302 et
1082 2236 1231 2312 alteram,

142 2347 274 2409 minoris
299 2347 369 2411 iere
393 2350 563 2427 momenti,
586 2351 683 2412 tacite
707 2371 726 2411 e
747 2347 818 2413 Pal.
845 2351 863 2410 1
888 2347 1069 2431 sumpsisse
1091 2343 1233 2419 uidetur,

140 2472 206 2534 quse
236 2474 344 2537 neque
374 2467 451 2519 ante
485 2475 558 2518 euru
580 2457 742 2540 reperitur
767 2468 800 2519 et
821 2474 908 2518 nnnc
938 2475 958 2516 a
981 2451 1093 2516 codice
1116 2448 1232 2513 Erlau·

140 2560 231 2639 gensi
253 2556 487 2638 confirmatur,
519 2573 554 2623 ut
575 2560 610 2639 l,
651 2563 695 2624 56
713 2567 841 2624 sitnon
866 2560 998 2635 dolere,
1022 2555 1073 2634 ll,
1096 2558 1139 2620 20
1162 2575 1231 2618 eum

140 2670 258 2745 ipram,
280 2667 325 2728 45
345 2668 425 2730 aliis
446 2668 574 2746 multis,
595 2669 638 2731 59
657 2667 761 2752 deque
782 2665 834 2730 dir
852 2659 968 2743 rebels,
991 2667 1035 2728 84
1050 2668 1155 2748 possi!
1178 2681 1232 2723 re-

139 2776 234 2848 tiorrr',
266 2773 312 2834 85
332 2777 439 2858 egitur
461 2779 576 2858 aptatu.
628 2773 677 2855 (ln
702 2775 846 2859 quinque
871 2794 889 2836 e
912 2793 976 2836 sex
999 2769 1083 2834 locis
1105 2781 1230 2832 tuntum

139 2874 233 2939 uerba
259 2881 543 2964 transponuntur.)

221 2982 348 3049 l’raeter
367 2987 471 3069 ipsius
495 2984 629 3050 Gruteri
656 2986 785 3049 codices
807 2983 949 3051 ”Duuicl
981 2982 1140 3048 Heinsius
1174 2982 1234 3043 rui·

138 3090 175 3150 sit
200 3089 240 3152 ad
264 3113 340 3154 eum
366 3090 498 3175 losepbi
525 3090 690 3178 Scaligeri
709 3090 843 3171 librum,
866 3093 918 3156 cni
943 3110 1082 3176 maguus
1097 3086 1157 3151 ille
1182 3089 1232 3151 uir

137 3199 330 3282 ascripserat
370 3197 532 3284 lectiones
568 3201 729 3263 neriuutis
763 3201 884 3264 codicis
918 3197 1071 3262 ueteris.”
1123 3192 1230 3276 (Grut.

135 3303 171 3364 ad
194 3302 210 3367 l
233 3326 262 3367 c.
284 3307 333 3381 2.)
384 3303 417 3368 ls
440 3304 567 3383 codex,
610 3309 666 3392 qui
692 3328 710 3368 e
735 3304 874 3370 meliore
900 3317 1098 3390 generent,
1145 3301 1229 3384 apud

136 3407 310 3476 Gruterum
341 3409 574 3496 Scaligerauus
595 3410 781 3497 appellatur
814 3413 886 3475 siue
908 3409 994 3474 liber
1015 3430 1035 3472 a
1059 3406 1230 3494 Scaligero

136 3516 305 3598 cordatus,
354 3518 517 3581 interdum
543 3516 751 3603 Scaligerani
781 3516 860 3581 libri
890 3536 1004 3602 margo
1029 3515 1085 3593 (ad
1109 3514 1125 3578 1
1149 3536 1177 3578 c.
1198 3516 1231 3590 5,

135 3625 207 3705 lo),
252 3624 317 3689 hoc
341 3637 411 3702 est,
434 3645 500 3688 non
521 3625 641 3688 codicis
663 3625 878 3705 manuscripti
901 3644 1035 3707 margo,
1071 3621 1128 3684 sed
1152 3622 1232 3683 seri·

133 3743 224 3812 ptura
239 3753 287 3794 ex
311 3729 372 3796 illo
392 3733 426 3794 in
452 3733 600 3815 margine
625 3729 776 3816 exempli
798 3730 877 3794 editi
899 3728 1074 3802 adnotnta3
1100 3727 1231 3790 eodem-

133 3857 193 3920 qne
214 3839 316 3903 modo
335 3836 396 3903 illa
416 3836 568 3921 intellegi
595 3836 756 3901 Gruterus
778 3836 896 3912 uoluit,
922 3855 993 3920 quae
1017 3832 1172 3918 ambigue
1198 3846 1230 3895 et

134 3942 349 4031 neglegenter
373 3945 502 4029 posuit:
545 3942 714 4028 ’'Scaligcr
742 3942 782 4006 ad
819 3964 909 4006 oram
941 3938 1019 4004 libri
1042 3939 1115 4001 sui'’
1137 3936 1230 4021 (adl

133 4051 197 4130 Π)
221 4063 300 4115 aut:
345 4052 418 4117 ”Sc.
439 4051 479 4114 ad
510 4072 601 4114 orum
635 4049 712 4113 libri
746 4047 891 4112 adlenit'’
915 4048 968 4129 (ad
993 4045 1027 4124 l,
1071 4046 1124 4127 12)
1157 4057 1230 4110 aut:

135 4153 201 4218 ”Su
219 4155 308 4221 libro
329 4178 391 4221 suo
414 4157 585 4241 ascripsit”
608 4157 662 4240 (ad
687 4155 718 4219 ll
741 4179 768 4219 c.
784 4157 823 4232 5,
863 4156 905 4216 lo
930 4150 995 4229 bis)
1016 4153 1089 4214 siue
1112 4152 1231 4213 ''ascri-

134 4275 215 4344 pturn
232 4263 355 4329 hebed*
376 4265 433 4346 (ad
449 4261 494 4340 ll,
516 4283 544 4324 c.
565 4265 689 4341 o‚18);
714 4280 909 4348 quamquam
930 4257 1105 4334 interdum,
1130 4257 1230 4317 etiam

134 4366 181 4432 nbi
205 4385 318 4456 aperte
340 4372 451 4437 codex
472 4366 678 4454 appellatur,
727 4379 783 4431 aut
809 4367 997 4432 coniectura
1020 4361 1157 4427 subesse
1180 4362 1229 4422 ui·
