2706 5018
532 363 785 431 raAEt'A'rlo.
1130 374 1211 440 xtt

128 578 172 641 ut,
210 560 267 625 ubi
293 559 391 625 nibil
418 562 452 623 in
476 562 560 624 notis
583 560 771 624 distinctius
795 576 1038 645 exponeretur,
1060 567 1132 629 eius
1155 589 1212 632 no·

128 672 197 731 raiae
217 669 415 732 editionum
438 680 492 731 aut
514 670 657 731 oamiuut
681 681 756 746 aut,
779 671 929 754 exceptis
950 673 1211 756 antiquissumis,

126 790 289 839 ceterarum
325 788 390 838 aut
424 788 510 839 certe
539 772 766 859 plurumarura
796 796 976 839 consensus
1003 776 1210 863 significare-

126 900 176 945 tur.
217 882 339 968 itaque
365 878 472 944 sicubi
495 882 636 967 positum
660 882 708 944 aic
730 893 798 946 est:
819 880 1045 962 Luttcttor,
1067 888 1101 947 ia
1125 890 1211 950 notia

126 1004 219 1053 auteur
242 992 278 1052 ia
304 990 422 1074 paruis
454 986 552 1051 rebus
575 1000 633 1051 aut
667 986 751 1051 nihil
778 1002 836 1052 aut
860 988 1047 1054 huiusmodi
1069 991 1211 1079 aliquid:

128 1094 176 1159 Sic
196 1102 298 1160 etium
331 1092 445 1179 Spin,
490 1093 537 1158 ibi
572 1098 734 1183 scriptura
759 1117 780 1158 a
809 1115 862 1157 rue
889 1096 1030 1180 primum
1063 1119 1110 1161 ex
1141 1099 1210 1164 Eri.

125 1202 187 1265 roio
210 1216 268 1265 aut
289 1224 336 1266 ex
355 1223 396 1265 eo
420 1215 453 1265 et
475 1203 625 1289 Spirensi
649 1204 748 1287 quiue
781 1200 868 1265 aliua
891 1204 926 1264 ia
955 1216 1033 1266 nota
1064 1203 1211 1289 appelia-

127 1322 188 1388 tur,
207 1320 337 1372 mutata
358 1322 400 1371 st.

207 1414 312 1480 Uauur
339 1416 500 1494 codicum,
521 1429 557 1480 at
579 1438 640 1503 par
655 1428 736 1495 erat,
761 1436 891 1480 omnent
911 1415 1026 1481 rettuli
1048 1418 1089 1481 ad
1112 1420 1210 1483 unius

127 1522 240 1585 codicia
261 1520 432 1607 archetypi
455 1525 649 1610 scripturam
676 1523 926 1602 inueniendara,
961 1545 1060 1609 quoru
1083 1538 1212 1590 nostro·

127 1648 189 1691 rnrn
213 1628 363 1693 codicum
384 1631 574 1694 testimonia
594 1631 628 1693 in
650 1651 690 1694 ea
712 1651 749 1693 re
767 1631 973 1717 exquirenda
993 1630 1211 1716 ponderatam

128 1754 162 1797 ea
183 1733 279 1821 lege,
324 1756 422 1821 quara
454 1757 566 1801 eorum
591 1740 686 1823 origo
708 1739 926 1825 cognatioque
946 1734 1057 1800 dabat.
1126 1737 1213 1803 Con·

127 1842 234 1905 stituta
258 1842 347 1905 enirn
372 1842 495 1906 codicia
517 1842 687 1928 archetypi
720 1846 882 1929 scriptura
903 1854 961 1906 aut
985 1863 1098 1907 uerum
1122 1858 1213 1910 teue-

127 1942 213 2010 bntar
237 1960 315 2026 aut,
345 1949 471 2011 uicum
495 1949 556 2013 bac
580 1950 776 2013 auctoritate
797 1950 883 2012 ratio
905 1948 1093 2035 pugnabat,
1115 1950 1168 2029 id,
1192 1974 1213 2017 a

127 2074 183 2138 quo
206 2056 316 2117 omnia
337 2058 409 2120 ueri
427 2058 642 2144 inuestigatio
661 2053 826 2139 proficisci
847 2054 999 2121 debebat.
1046 2055 1214 2143 Quidquid

126 2174 228 2226 autem
253 2160 434 2248 adparebat
457 2165 491 2227 in
513 2163 625 2228 codice
649 2162 827 2250 archetypo
847 2185 912 2227 non
932 2163 1056 2244 t'uiaae,
1099 2165 1132 2228 id
1156 2177 1214 2229 aut

127 2269 228 2332 nandi
253 2267 329 2333 loco
351 2268 538 2335 habendum
562 2290 649 2349 ease,
670 2271 879 2355 perspicuum
904 2284 987 2348 erat,
1015 2282 1073 2335 aut
1104 2274 1214 2335 conie-

126 2390 218 2439 ctnrre
239 2390 358 2461 postea
378 2388 554 2462 temptata,
579 2398 650 2464 quta
672 2389 802 2462 poterat
823 2377 987 2441 interdum
1009 2398 1083 2440 ecoe
1108 2380 1214 2441 conai-

126 2480 292 2545 deratioua
313 2482 426 2567 digua·
474 2483 587 2569 Atque
617 2485 742 2547 utinam
761 2483 824 2547 hoc
848 2482 1025 2569 aliquando
1050 2481 1214 2571 philologi

127 2608 235 2652 omnes
260 2586 459 2673 intellegant
483 2601 517 2653 et
538 2603 682 2655 teneant.
729 2587 960 2654 Liberabircur
984 2591 1119 2653 enimet
1141 2613 1216 2675 per·

127 2715 217 2759 uersa
235 2696 441 2781 quorundam
464 2700 718 2783 superstitione,
741 2718 760 2762 a
782 2694 901 2782 quibua
922 2716 1006 2759 unua
1028 2696 1135 2759 codex
1159 2697 1216 2760 de·

127 2801 295 2865 rcribendo
319 2800 577 2889 multiplicatos,
600 2806 751 2890 quamuis
774 2801 886 2867 muitio
909 2799 992 2864 iccio
1015 2822 1089 2864 erun
1115 2804 1215 2865 etiarn

127 2908 216 2973 inscii
250 2909 405 2972 deserere
427 2922 604 2994 cogantur,
632 2924 742 2975 tamen
775 2906 856 2972 alibi
885 2908 1088 2969 certissimus
1117 2909 1216 2970 ratio-

128 3012 219 3077 nibuc
249 3014 441 3100 praefertur,
486 3029 520 3079 et
550 3018 643 3081 inani
678 3016 739 3082 illo
770 3016 1031 3080 coniecturarum
1062 3010 1137 3076 lucu
1173 3034 1216 3078 ex

128 3120 273 3207 apicibus
315 3122 412 3185 uniua
449 3120 630 3187 alteriusue
670 3123 793 3186 codicia
828 3119 998 3183 ductarum
1033 3120 1106 3183 aine
1147 3119 1217 3185 ulla

128 3242 309 3291 ceterorum
333 3237 391 3291 aut
414 3230 622 3315 cognationis
645 3250 734 3292 cura.
782 3225 898 3313 Itaque
920 3228 954 3289 in
979 3226 1127 3291 codicum
1150 3228 1218 3292 dia·

128 3352 222 3397 arnon
239 3334 413 3419 utriunque
437 3334 571 3398 familia
594 3336 861 3420 conparationem
881 3333 964 3412 ieci,
1012 3354 1076 3397 non
1101 3336 1215 3420 singu·

129 3437 229 3503 lorum
252 3437 414 3503 codicum.
485 3440 648 3519 Quotiens
670 3453 779 3506 autem
802 3440 949 3504 eiusdem
972 3438 1107 3503 sauritim
1128 3442 1217 3505 codi-

129 3566 179 3609 ιιι
199 3544 461 3627 dissentiebant,
485 3549 674 3634 exquiaiui,
702 3547 865 3633 quodnam
891 3548 924 3609 in
947 3546 1008 3612 hac
1029 3546 1217 3628 discrepan-

129 3654 170 3717 tia
189 3650 436 3739 nignificaretur
458 3653 593 3719 familiar
611 3654 854 3732 testimonium,
895 3652 929 3717 id
951 3665 1021 3730 eat,
1067 3674 1215 3738 quaenaru

129 3778 190 3823 aon
210 3758 356 3844 plurium
375 3760 448 3823 eiua
471 3761 640 3840 codicum,
671 3759 728 3824 aed
753 3761 911 3848 principia
930 3762 1109 3843 scriptura,
1138 3781 1218 3845 quo·

129 3866 211 3931 niam
241 3865 313 3931 hac
341 3886 432 3951 cape
461 3878 597 3951 postea,
632 3866 668 3929 in
699 3865 865 3932 deteriore
893 3886 1049 3930 maxumo
1078 3864 1219 3947 familia,

130 3975 219 4036 nocio
241 3970 413 4039 erroribus
430 3984 585 4058 corrupta
603 3985 686 4036 erat.
725 3970 763 4035 ld
781 3972 925 4035 inueniri
947 3984 1074 4057 poterat
1097 3975 1217 4057 partim

133 4076 262 4145 nimrim
285 4078 425 4145 familia
446 4079 700 4165 conparatione,
730 4090 786 4158 ut,
818 4080 966 4164 quicum
991 4100 1031 4141 ea
1054 4084 1218 4143 consenti-

133 4198 215 4267 rent,
255 4184 312 4253 ilii
335 4186 393 4252 oui
413 4183 572 4271 principia
596 4187 790 4271 scripturam
813 4205 965 4250 aetarnae
984 4185 1217 4259 iudicarentur,

130 4294 206 4379 qood
225 4294 288 4363 itte
310 4308 499 4361 consentu·
519 4312 726 4359 communem
748 4290 917 4379 archetypi
936 4291 1058 4357 codicia
1079 4289 1219 4372 scriptu·
