2706 5018
538 350 792 419 l‘llAEFA'l'IO.
1085 356 1219 428 XLVll

130 552 168 615 lis
185 553 206 616 ii
225 549 366 614 demum
392 564 489 615 recte
512 549 656 613 iudicare
681 559 857 633 poterunt,
888 550 943 633 qni
971 547 1074 615 libere
1097 553 1139 618 de
1163 554 1218 621 Ci-

128 680 224 722 corone
245 658 383 721 sentire
412 654 581 721 audebunt
604 677 664 719 nec
693 657 804 719 omnin
834 651 877 718 ab
909 676 949 718 eo
983 676 1113 723 semma
1144 676 1216 726 arte

127 766 227 847 scripta
256 763 430 841 credent,
477 775 510 826 et
539 761 655 826 cedern
677 759 778 824 iudici
809 759 947 826 libertas
977 763 1017 826 nd
1049 786 1090 828 ea
1120 766 1210 830 adhi·

130 870 216 935 benda
236 883 290 947 st,
340 872 378 933 in
405 867 524 954 quibus
547 866 701 931 urendum
721 868 890 952 scripturae
923 872 1058 953 coargui
1082 885 1214 955 putatur

128 978 282 1039 sententiar
304 977 406 1040 uitio.
454 973 539 1039 Nam
561 987 684 1037 utnon
707 994 823 1058 panon,
848 987 1110 1058 quaerentem
1132 976 1212 1043 olim

129 1080 271 1145 ascribis
288 1080 422 1167 aliquot
448 1092 572 1145 mutata
594 1081 646 1162 (ut
665 1077 726 1156 lll,
750 1082 793 1142 43
813 1077 899 1143 bono
921 1082 1011 1162 uere)
1028 1096 1086 1145 aut
1107 1106 1213 1169 nuper

128 1186 161 1249 ab
171 1186 355 1252 editoribus
372 1200 530 1273 temptata
551 1192 605 1263 (nt
619 1182 701 1250 illud
722 1185 929 1251 facillumum
954 1185 1016 1265 lll‚
1032 1190 1101 1270 40),
1123 1211 1211 1255 uerte

128 1308 153 1356 et
172 1307 265 1357 rectae
288 1297 464 1358 sententiae
485 1291 710 1359 declaratione
736 1292 873 1357 defensa
904 1314 990 1356 nunc
1019 1306 1116 1372 sunt,
1161 1296 1209 1361 ita

129 1401 234 1481 nulta,
255 1405 291 1465 in
315 1398 436 1486 quibus
457 1412 528 1465 erat
550 1398 755 1477 dubitatum,
777 1397 957 1483 expediui,
980 1420 1078 1485 quom
1102 1412 1212 1465 osten·

128 1508 245 1586 derern,
293 1505 488 1572 Ciceronem
518 1527 636 1592 porum
665 1504 841 1591 diligenter
872 1507 1069 1572 senteutiam
1098 1508 1210 1573 animo

128 1616 307 1700 concepisse
331 1612 438 1695 (uelut
460 1610 512 1689 ll,
536 1614 600 1688 ao,
624 1609 676 1688 V,
696 1612 774 1693 bd),
798 1610 866 1676 alia
889 1626 1017 1691 autem,
1052 1614 1123 1696 ipso
1146 1616 1211 1699 pri·

129 1741 209 1797 nus,
232 1718 313 1805 quid
336 1717 496 1783 heberent
516 1720 552 1782 in
572 1719 739 1783 sententia
760 1720 834 1797 uiti,
858 1720 904 1782 ita
924 1721 1086 1805 exposui,
1105 1733 1141 1783 ut
1167 1719 1208 1785 de

127 1829 278 1913 scriptura
300 1824 444 1889 dubitari
467 1845 532 1889 non
561 1845 659 1910 posse
691 1824 969 1905 demonstrarem,
1009 1838 1046 1888 ut
1069 1823 1121 1902 ll,
1158 1828 1211 1906 85,

127 1928 184 2011 ll',
203 1934 258 1997 58.
332 1930 455 1997 Uerum
477 1932 511 1995 in
541 1929 604 1995 boc
636 1951 768 2017 quoque
800 1951 923 2018 genere
954 1929 1022 1996 slis
1048 1932 1211 1997 eiusmodi

125 2052 207 2117 aunt,
232 2052 268 2103 ut
287 2061 311 2101 s
331 2034 492 2102 Cicerone
514 2038 601 2103 male
623 2039 745 2122 scripta
768 2058 842 2101 csse
864 2039 1010 2123 possint,
1035 2037 1102 2103 alin
1124 2042 1211 2105 eius·

124 2146 221 2223 rsodi,
270 2156 307 2208 ut
332 2142 374 2209 ab
397 2166 438 2209 eo
459 2146 583 2230 scripta
615 2165 680 2209 non
711 2165 786 2209 esse
808 2166 905 2230 qnom
930 2148 978 2209 rei
1000 2158 1117 2211 natura
1139 2160 1208 2212 tum

123 2254 215 2315 totius
254 2253 415 2317 orationis
450 2264 484 2317 ct
525 2252 757 2337 disputationis
793 2252 1009 2316 conformatio
1052 2252 1210 2333 declaret,

124 2360 262 2442 quedam
275 2358 418 2443 denique
431 2355 542 2435 dubia,
556 2371 593 2422 ut
604 2355 666 2438 lV,
686 2360 729 2421 47
750 2363 826 2435 (out
838 2361 937 2437 tss'ts‘o)
948 2370 981 2421 et
1004 2356 1101 2437 illud,
1122 2360 1208 2445 quod

126 2462 395 2550 nll'esenbergio
416 2466 451 2528 in
464 2463 525 2544 lv,
546 2466 590 2529 67
603 2475 748 2528 notatum
772 2476 812 2528 st.
845 2462 1006 2550 ltaquom
1020 2464 1210 2529 distinctum

124 2582 161 2647 st,
179 2571 256 2655 qnid
280 2584 408 2635 constet
433 2593 499 2635 non
522 2591 597 2635 esse
621 2584 810 2656 corruptum
834 2583 891 2634 aut
913 2569 1030 2634 saltem
1054 2569 1145 2636 nulla
1168 2574 1212 2636 sit

127 2677 233 2741 idonea
256 2699 395 2754 mursae,
427 2700 484 2743 cur
505 2692 694 2764 corruptum
720 2689 872 2764 putetur,
896 2678 975 2761 quid
994 2698 1059 2741 non
1083 2692 1211 2743 constet

126 2804 190 2849 esse
210 2797 424 2870 corruptum,
458 2784 535 2869 qnid
559 2795 749 2870 corruptum
772 2803 847 2847 esse
867 2795 1015 2860 constet,
1062 2786 1211 2869 sequitur

186 3090 286 3145 taliter
309 3107 363 3143 nee
385 3090 557 3154 subtiliore,
592 3108 676 3165 quarn
701 3107 766 3165 quse
790 3090 823 3145 in
846 3096 948 3145 nostro
979 3095 1025 3148 st.
1057 3092 1119 3141 arte
1151 3106 1210 3143 nro-

185 3182 292 3245 nrntis‚
308 3200 369 3237 non
386 3183 497 3245 tacebo,
514 3183 545 3236 in
562 3180 618 3237 boc
636 3200 741 3255 genere
761 3202 798 3239 nc
820 3181 965 3236 llsndiurn
984 3180 1109 3255 quidem,
1127 3182 1210 3237 cuius

190 3274 380 3330 cruditionem
401 3283 431 3331 et
447 3274 620 3331 industriam
638 3293 698 3330 non
712 3275 807 3329 minus
822 3274 908 3331 leudo
926 3293 1010 3349 quarn
1023 3274 1122 3339 ceteri,
1139 3274 1210 3331 milri

192 3368 367 3431 satisfecero,
385 3385 504 3442 eamque
520 3386 585 3423 csse
602 3387 741 3434 caussam,
758 3387 810 3421 cur
827 3386 886 3422 non
902 3366 1001 3441 paucis
1019 3366 1092 3420 loris
1113 3374 1212 3421 contra

192 3460 252 3515 rins
271 3460 429 3515 sententias
454 3460 485 3515 in
509 3460 676 3515 Tumellino
703 3462 814 3534 positas
837 3460 909 3515 anibi
935 3458 1088 3513 dicendum
1114 3458 1211 3514 fuerit.

192 3555 234 3607 Ae
255 3558 318 3607 tots
340 3550 486 3607 dimensio
517 3552 581 3608 sere
610 3554 643 3608 in
676 3570 798 3609 excursu
828 3554 922 3628 primo
948 3552 1073 3627 perspici
1104 3558 1213 3625 potest.

193 3644 249 3699 Sed
265 3644 411 3701 edrcdnnt
427 3652 458 3701 ct
484 3646 572 3701 ninnis
595 3644 761 3701 ninutstinr
785 3646 908 3703 concisse
934 3645 1141 3718 particularum
1171 3645 1209 3699 si·

190 3738 390 3807 gnificstiones
408 3744 439 3791 ct
456 3738 585 3811 qnndnu
598 3759 700 3815 parurn
715 3739 907 3813 probabiliter
933 3738 1100 3811 excogitatas
1126 3745 1156 3793 et
1181 3739 1213 3795 in

189 3846 220 3883 en
235 3848 266 3885 re
284 3838 314 3885 et
341 3829 401 3886 lori
429 3831 605 3904 scriptor-nra
630 3838 730 3887 rontrs
754 3830 904 3886 sententiae
923 3829 1126 3885 cohaerentiam
1152 3848 1213 3885 non

188 3940 250 3977 raro
268 3922 393 3997 expositi
412 3928 444 3977 et
464 3922 568 3977 nenda
595 3922 716 3979 dolense
738 3924 925 3997 pertinacius.
979 3922 1023 3977 Ac
1040 3940 1210 3997 quemquern

188 4012 217 4069 is
241 4021 319 4069 tanto
346 4032 437 4089 opere
458 4015 631 4072 instruendo
658 4034 719 4073 non
740 4023 855 4090 poterat
881 4014 1009 4072 omniun
1038 4015 1212 4089 scriptorum

187 4107 281 4165 rritics
298 4106 435 4165 condicio
452 4106 583 4183 exquiri,
619 4106 737 4165 uidetur
752 4115 848 4165 tsnren
866 4107 940 4165 rnilri
963 4106 1013 4165 uir
1028 4109 1161 4181 egregius
1180 4108 1212 4161 in

188 4198 333 4259 Cimonis
350 4200 457 4257 ullu
472 4208 505 4257 ct
522 4200 590 4259 lini
608 4200 694 4257 tibris
719 4200 757 4257 nd
774 4200 850 4257 buc
874 4218 937 4257 rent
961 4208 992 4257 ct
1018 4198 1213 4255 adtautinna

189 4290 351 4351 distrinins
367 4292 472 4371 psnlln
488 4294 580 4367 aspis
598 4293 754 4351 adtendere
772 4294 917 4351 debuisse.
