2730 5016
132 386 193 448 aa
457 356 460 367 ’
482 378 542 446 un
564 374 741 449 alannus
764 378 867 447 uon.

224 578 266 641 V.
311 580 362 641 lu.
408 577 538 640 Satisne
561 580 663 663 igitur
680 578 876 641 nitteornim
900 575 1077 641 uerborum
1099 590 1207 657 tenure

134 707 174 748 an
200 706 270 747 snm
293 687 391 747 etiarn
414 703 499 747 utino
526 682 579 747 nel
606 682 733 748 Graeco
754 684 846 769 loqui
869 683 925 747 uel
956 683 1076 747 Latine
1104 685 1207 749 duceu-

133 790 215 853 dnat
242 791 282 853 Et
305 803 413 854 tannen
437 791 530 868 iride,
564 812 623 869 ne,
663 794 691 855 ai
717 814 780 877 ego
803 813 868 855 non
889 789 1100 875 intellegam,
1142 790 1206 875 qnid

133 899 292 983 Epicurus
315 896 487 982 loquatur,
518 895 783 982 qnont‘Graece‚
807 909 842 959 ut
862 897 997 975 uideor,
1040 894 1203 959 luculenter

133 1006 244 1078 sciant,
264 1005 312 1065 ¹ait
333 1003 444 1088 aliqua
468 1001 562 1088 culpa
588 1006 671 1082 eius,
694 1006 814 1090 quiite
835 1002 1007 1088 loquatur,
1030 1015 1065 1064 ut
1088 1023 1146 1065 non
1164 1003 1201 1063 in·

133 1109 319 1193 tellegatur.
369 1109 465 1185 Quod
488 1107 615 1173 duobos
645 1110 750 1172 nnodia
784 1111 855 1172 sine
886 1108 1136 1194 reprehensione
1162 1105 1198 1183 fit,

133 1219 161 1279 si
185 1229 241 1279 aut
265 1216 305 1277 tle
330 1215 491 1278 industria
513 1214 627 1293 facias,
649 1227 685 1276 ut
708 1214 909 1294 Heraclitus,
935 1223 1139 1298 cognomento
1154 1215 1198 1297 Μ’

185 1381 217 1423 15.
227 1379 284 1430 uim)
298 1380 364 1456 utam
379 1379 400 1423 a
432 1384 582 1435 cognomento
595 1380 642 1436 qul)
658 1388 815 1437 cognomento
830 1381 849 1423 b

130 1543 195 1588 tuor
213 1533 269 1587 suia
287 1535 367 1587 cotltl.
384 1534 525 1605 rumpait3
563 1535 724 1604 superiores
753 1552 808 1588 uon
837 1537 1016 1590 adnotarunt.
1064 1537 1115 1590 Setl
1138 1535 1192 1587 ilco

129 1629 228 1698 paullo
247 1632 313 1680 anto
331 1627 359 1679 in
387 1629 446 1680 llrl.
466 1633 494 1680 ct
511 1627 585 1681 (lul.
603 1626 621 1679 2
641 1626 680 1682 ait
699 1630 833 1682 esraitero
848 1648 899 1700 pru
912 1631 1039 1704 itemque,
1058 1632 1127 1700 quoti
1142 1622 1193 1681 albi

131 1737 162 1773 ex
191 1721 251 1773 Eri.
270 1727 400 1774 notatum
417 1727 542 1773 anneot.
848 1746 852 1751 ·

201 1814 268 1884 Cup.
288 1815 327 1877 V,
343 1812 387 1865 1⁵.
423 1813 471 1880 qui
492 1813 531 1863 itu
554 1812 696 1881 loquutur)
716 1810 859 1877 Danielus,
879 1819 909 1866 ut
928 1814 1080 1866 tolleretur
1096 1802 1196 1864 iuruaoit

130 1923 281 1958 concurnna
300 1905 493 1958 membrorum
512 1903 644 1957 eirnilitcr
671 1904 832 1957 cadentium
858 1905 999 1972 (loquutur
1019 1933 1053 1943 -
1074 1903 1196 1970 intellege

131 2000 187 2062 tur)
207 1994 293 2049 acribi
311 1998 429 2049 nolebat
447 1997 585 2063 loquitar,
624 1994 708 2066 idque
727 1993 813 2048 Gaius
833 2010 864 2048 aa
883 1995 911 2048 iu
932 1996 1044 2050 ”tribua
1062 1995 1197 2067 potioribut

129 2087 204 2142 artia‘’
224 2087 382 2158 repperiatur
399 2084 497 2140 scribit
517 2092 546 2139 ct
563 2086 680 2157 probat3
720 2087 826 2157 reecpit
844 2089 921 2142 otto.
964 2088 1121 2159 Redarguit
1139 2082 1200 2140 tau

130 2178 257 2235 muniunt
275 2163 477 2249 Brlangenai'r3
523 2176 584 2247 lpse
603 2186 699 2232 autem
731 2178 817 2232 Gaio·
845 2176 955 2244 cdlv,
993 2181 1030 2232 tr'7
1055 2179 1084 2233 in
1109 2175 1202 2233 ’'tribm

131 2271 271 2342 optumia”
289 2289 344 2324 nou
363 2269 424 2336 llic,
446 2268 494 2323 aeti
514 2270 612 2340 paullo
634 2278 700 2324 aute
719 2274 785 2337 (non
805 2270 983 2340 intellegam,
1002 2260 1069 2339 quill
1084 2272 1204 2340 Epirum

131 2366 271 2432 loquutur)
291 2364 412 2431 toqaitar
429 2361 487 2432 legi
508 2368 625 2427 narrat,
644 2380 698 2415 nun
717 2363 810 2416 minua
829 2363 913 2419 ialao.
949 2363 1026 2434 (ipae
1043 2363 1152 2416 luctu·
1167 2376 1206 2414 aa·

130 2457 311 2521 luccianum,
342 2473 426 2525 quom
445 2452 581 2519 tinxerat,
598 2455 739 2524 probabat
757 2458 787 2508 et
804 2453 926 2524 adripuit
946 2470 979 2507 ac
992 2472 1046 2527 pro
1064 2452 1207 2510 testimonia

131 2549 223 2619 poenit
242 2546 448 2603 liamalrorniua
468 2564 495 2617 p.
514 2545 584 2610 718,
622 2545 739 2616 dignum
764 2547 875 2600 relicuo
901 2547 1072 2600 mendorum
1094 2550 1207 2611 acorum]

130 2642 219 2694 Recte
237 2639 367 2694 Bremiua
385 2638 502 2708 negauit
527 2637 681 2691 iudicatino
700 2640 761 2704 illi,
798 2653 880 2709 quom
911 2637 1044 2693 Dauiaiur
1071 2640 1207 2711 probabat,

132 2734 224 2786 locum
246 2750 323 2797 σιω
359 2748 449 2802 neque
468 2730 543 2783 enim
561 2729 776 2784 circumlocutio
794 2732 854 2783 liae
872 2735 929 2795 ert,
948 2733 1109 2786 obuolutum
1127 2731 1207 2787 rote

131 2842 195 2877 nem
212 2826 376 2889 continear,
401 2831 433 2876 ut
449 2839 532 2893 quom
552 2821 675 2875 dicitur:
694 2825 742 2891 qui
759 2823 891 2887 radiant,
911 2825 959 2878 aetl
978 2825 1137 2879 necessaria
1154 2832 1207 2895 put

130 2916 272 2970 contentia
291 2913 449 2985 penitentie,
468 2913 496 2968 in
517 2932 573 2986 qua
594 2923 698 2969 acuatu
716 2917 842 2969 aubiecto
865 2916 1012 2986 (Epicuro)
1032 2917 1167 2971 traaaitnr
1180 2915 1207 2970 al

130 3007 393 3076 generianotionom
417 3008 491 3074 (eiua
509 3008 633 3073 hominia,
653 3009 710 3075 qai,
728 3016 760 3061 at
778 3010 841 3060 triac
853 3009 988 3074 ecficitar',
1010 3010 1051 3061 aie
1068 3010 1207 3079 loquatr),

130 3105 157 3150 ct
176 3099 298 3152 causeali
318 3098 404 3153 etiam
423 3117 495 3153 nexu
513 3099 657 3169 inplicata.
698 3103 796 3172 Neque
814 3100 890 3154 euim
914 3117 980 3154 raro
1006 3101 1035 3155 iu
1063 3100 1207 3156 buiurmd

130 3191 274 3244 notatione
292 3190 408 3246 aubiecti
435 3193 520 3244 almul
538 3191 714 3262 significatur
731 3206 831 3247 cauata
849 3192 945 3257 iudici,
965 3195 1038 3262 quutl
1058 3195 1095 3246 tle
1112 3212 1145 3250 eu
1161 3194 1207 3248 uu

131 3289 158 3333 ct
176 3284 212 3334 ob
234 3299 296 3334 cam
314 3302 375 3336 reru
391 3284 583 3338 coniunctiuoa
604 3284 727 3353 ponitur,
747 3287 828 3339 uelut
844 3294 858 3340 Ι
875 3288 909 3341 N.
923 3288 958 3340 l).
976 3285 1028 3341 tt:
1050 3287 1154 3352 Quarti
1167 3302 1207 3338 ιι

131 3377 184 3423 tem
199 3373 257 3423 ltoec
275 3373 452 3443 pbiloaoptrio
479 3378 649 3428 autumando
675 3383 717 3438 rt,
755 3380 814 3440 cai,
841 3386 978 3447 tanlquam
1004 3381 1124 3433 unicurtis
1140 3376 1207 3433 erit

130 3465 238 3529 quictem
257 3465 392 3531 inductio,
410 3468 476 3530 satu
489 3468 559 3532 fieri
576 3469 723 3521 uideuatur
742 3470 857 3522 omniu?
876 3472 962 3537 (Bau.
983 3473 1116 3525 uidentur
1131 3470 1207 3525 nala

130 3555 211 3620 but3)
251 3556 308 3610 ibd.
328 3557 393 3611 Illic
433 3560 477 3610 Aa
494 3560 635 3626 quiequam
654 3561 778 3614 eximiam
801 3570 893 3631 puteat
911 3580 971 3616 erre
997 3565 1027 3616 iu
1050 3583 1084 3617 cu
1109 3570 1207 3622 autam

130 3665 189 3714 paoe
208 3648 278 3700 nibil
297 3667 346 3700 acc
365 3657 463 3703 acturo
483 3652 519 3703 uit
539 3671 665 3720 umquam
682 3671 768 3722 nepae
796 3663 868 3724 agat
884 3673 972 3725 nepae
990 3655 1111 3726 egerit?
1143 3657 1207 3709 lm

129 3741 221 3793 tenter
241 3740 339 3794 Cicero
359 3759 421 3795 cam
440 3742 676 3812 significationem
695 3745 789 3799 omiait
806 3749 904 3817 paullo
923 3756 986 3818 pout
999 3749 1069 3801 1172
1090 3746 1163 3813 Quia
1180 3760 1207 3799 α

129 3837 236 3893 uatem,
255 3833 328 3901 quod
347 3834 412 3886 droa
431 3853 589 3889 ueneremur
605 3845 720 3906 propter
740 3840 953 3893 uaetmirutioucra
972 3841 1032 3894 eiua
1050 3836 1207 3899 naturai

130 3940 183 3990 quo
203 3925 345 3994 egregium
362 3927 432 3978 nibil
450 3928 599 3981 uidemur?
621 3932 812 4000 Expectabam
830 3932 982 3986 uideamur.

201 4018 306 4084 uiuat)
326 4018 451 4073 Oileutlit
471 4018 595 4085 libiano,
623 4020 863 4092 diligentiorum·
885 4023 1022 4079 urationi·
1040 4024 1078 4077 ad
1090 4020 1207 4094 ragull

128 4105 276 4177 conposita
295 4118 426 4174 exactor,
445 4113 521 4181 quod
539 4130 594 4166 nun
613 4130 645 4165 ex
666 4115 765 4168 eodem
783 4116 809 4166 ri
825 4124 922 4187 aptum
942 4117 1072 4187 requitur
1088 4119 1158 4178 nat,
1171 4125 1207 4167 aut

129 4206 179 4252 arat
197 4217 293 4267 quoru
320 4216 388 4272 crgo
407 4204 594 4275 tranupoeuit,
631 4210 664 4259 nt
681 4212 754 4260 eraut
772 4215 822 4260 aut
843 4209 876 4261 ei.
914 4207 1013 4263 (tiuare
1031 4198 1207 4262 tormini

131 4291 202 4344 talin
221 4290 337 4358 incidit3
356 4291 413 4351 uitl.
436 4298 471 4348 acl
492 4298 515 4357 l,
533 4297 568 4352 33
588 4298 683 4366 (Orat.
702 4298 778 4368 149.)

198 4394 375 4453 cognomento
392 4389 453 4456 pai)
470 4391 566 4443 Uorbu
586 4406 647 4443 caru
665 4390 771 4443 artorio
787 4395 876 4462 puita
894 4390 1012 4460 (bacili,
1030 4396 1063 4445 ut
1082 4386 1207 4453 uitiata]
