2706 5018
532 373 785 443 PRAEFATIO.
1097 382 1214 450 thtt

150 566 322 651 descriptione
349 564 502 646 primum
526 562 681 648 adparet,
727 565 761 625 in
784 561 869 627 libro
895 576 1011 649 quarto
1037 578 1070 629 et
1099 570 1212 652 quinto

148 692 230 757 aegra
245 694 290 735 ex
310 682 415 756 parte
439 668 572 733 easdem
594 690 648 731 res
671 670 804 733 tractari
826 682 859 733 et
883 668 934 734 tis
956 674 1046 753 poni,
1069 676 1211 757 primum

147 791 238 841 ctcnnr
259 778 389 843 Stoicis
420 776 491 840 haec
513 787 744 861 conparentur,
768 776 886 841 deinde
909 800 968 865 pcr
989 799 1037 842 se.
1079 779 1210 847 Deinde

144 883 301 949 haecomnia
317 886 410 948 ratio
430 885 481 946 sic
492 904 513 946 a
529 880 689 947 Cicerone
712 892 879 961 tractatur,
898 899 934 948 ut
949 888 1055 971 magis
1075 908 1210 952 serame

141 995 277 1056 sententia·
294 1001 513 1076 exponantur
532 1000 566 1051 et
587 992 790 1075 argumentis
812 988 1043 1055 concludendis
1065 994 1150 1056 inter
1173 1016 1210 1058 se

141 1112 343 1184 conparentur,
367 1118 467 1184 quam
490 1094 573 1159 iilud
596 1107 779 1181 qrraeretur,
802 1096 964 1178 quomodo
988 1102 1093 1182 primu
1116 1103 1211 1166 initia

140 1208 280 1270 notionum
304 1203 490 1268 ethicorum
514 1204 549 1265 in
568 1202 710 1287 siugulis
739 1201 863 1267 scholis
897 1206 1044 1267 oriuntur
1076 1220 1110 1268 et
1136 1228 1209 1271 cum

139 1310 237 1375 relicua
259 1312 411 1375 doctrina
437 1309 620 1374 dedecet
648 1309 769 1373 mundo
800 1309 998 1374 cohaereant.
1070 1310 1124 1375 Ex
1146 1336 1210 1399 quo

138 1413 164 1479 fit
177 1420 282 1494 etiam,
305 1429 340 1479 ut
356 1418 594 1481 sententiarum
613 1417 664 1479 uis
680 1428 777 1500 atque
796 1418 980 1501 proprietas
1000 1418 1034 1479 in
1054 1417 1115 1481 illa
1133 1442 1210 1483 con-

137 1526 286 1606 paratione
308 1544 375 1587 non
396 1525 479 1586 satis
500 1521 797 1597 anirnadnertatur3
820 1522 913 1585 uelut
932 1525 964 1585 in
986 1526 1100 1607 quinto
1123 1524 1209 1589 libro

136 1628 279 1694 Antiocho
304 1627 467 1707 obicitur,
497 1630 700 1694 constantius
725 1628 854 1693 Stoicos
878 1630 1058 1710 sapientem
1081 1652 1210 1717 semper

136 1734 246 1801 iratum
268 1758 344 1801 esse
367 1737 489 1814 dicere,
520 1738 576 1821 qui
599 1734 681 1799 nihil
703 1748 820 1819 praeter
843 1736 960 1798 uitium
985 1739 1018 1799 in
1041 1737 1137 1800 ruralis
1160 1760 1211 1801 rc·

134 1840 285 1929 linquant,
308 1856 407 1929 etque
429 1846 463 1906 in
489 1842 549 1905 hac
571 1843 763 1906 constantiae
784 1843 1083 1905 conmemoratione
1106 1846 1212 1907 omnis

133 1952 320 2014 consumitur
339 1952 465 2024 oratio;
487 1947 579 2026 illud,
601 1948 687 2033 qrrod
711 1960 807 2029 capnt
830 1961 911 2026 eret,
934 1969 998 2012 non
1021 1948 1211 2034 adtingitur,

131 2054 162 2118 de
182 2058 254 2141 ipsa
274 2054 354 2121 boni
375 2057 521 2134 notione,
543 2077 641 2142 quem
666 2054 769 2119 Stoici
794 2066 894 2117 totum
918 2057 952 2117 in
978 2054 1128 2119 humanae
1153 2078 1210 2121 uo·

130 2158 253 2227 luntatis
295 2162 508 2227 fundamento
539 2163 792 2241 constituerant,
836 2163 940 2247 dequo
981 2161 1086 2227 dicatae
1123 2166 1209 2227 uitae.

129 2266 239 2333 Uerum
271 2268 342 2332 haec
367 2270 487 2356 partim
514 2270 581 2332 iam
612 2290 631 2332 a
663 2266 889 2354 superioribus
919 2270 1027 2333 minus
1059 2272 1211 2333 distinete

127 2374 392 2462 explicabuntur,
435 2376 492 2459 qni
515 2373 702 2439 scholarum
736 2375 887 2448 decreta,
930 2390 967 2439 nt
992 2375 1094 2439 semel
1119 2387 1213 2439 erunt

125 2485 308 2569 conposita,
329 2479 525 2557 seruabant,
547 2483 667 2565 partim
692 2479 732 2544 ah
761 2480 924 2545 Antiocho
949 2482 1084 2546 confusa
1109 2494 1213 2545 eraut.
1318 2526 1322 2533 -

126 2586 232 2673 ltaque
256 2587 328 2651 haec
350 2607 371 2649 a
393 2584 565 2663 Cicerone,
588 2588 644 2672 qui
666 2608 725 2650 euo
749 2589 884 2674 ingenio
908 2587 1132 2673 philosophari
1155 2608 1214 2650 no·

125 2690 194 2771 duit,
214 2716 255 2759 ue
270 2714 390 2759 seuere
412 2695 588 2779 exigamus
609 2695 817 2779 (quemquam
839 2694 1014 2774 uellemus,
1037 2697 1143 2757 nrinus
1165 2692 1213 2756 le-

126 2802 205 2866 niter
241 2801 283 2865 de
324 2812 487 2864 sectarum
516 2801 716 2886 proprietate
744 2813 778 2864 et
801 2801 990 2864 discrimine
1024 2800 1214 2876 iudicasset,

127 2926 216 2991 quam
240 2907 339 2985 iacit,
363 2919 399 2969 ut
420 2904 483 2969 hoc
504 2918 595 2983 uter,
619 2906 664 2983 V,
686 2904 763 2989 76),
784 2906 882 2990 idque
907 2926 1006 2968 unum
1033 2924 1215 2989 quaeremus

130 3016 159 3075 in
176 3012 233 3077 rati
255 3014 438 3098 praesertim
459 3011 623 3077 scribendi
645 3024 803 3096 tempore,
823 3013 895 3096 ipsa
913 3033 966 3089 ee,
985 3030 1057 3097 quae
1080 3031 1098 3072 e
1122 3006 1215 3072 Grau·

131 3138 232 3185 corum
251 3118 347 3183 libris
367 3120 401 3183 in
421 3116 555 3183 breuius
577 3130 754 3195 contracta,
773 3116 936 3181 interdum
957 3128 1120 3182 exornata
1141 3116 1215 3181 rhe-

132 3228 235 3306 torice,
257 3228 411 3312 exponit,
431 3228 556 3290 satisne
580 3222 724 3288 fideliter
746 3235 779 3288 et
802 3222 955 3287 adcurate
978 3224 1168 3289 reddiderit.

211 3334 286 3413 Η.
329 3328 446 3416 Neque
470 3332 557 3394 enim
581 3331 836 3416 putandumst,
884 3330 968 3415 quod
992 3329 1160 3395 nonnuliis
1180 3333 1214 3395 in

134 3452 265 3503 ruentem
288 3438 393 3515 uenit,
413 3449 462 3501 tot
481 3435 579 3499 huius
591 3438 724 3523 generis
744 3433 848 3499 libros
868 3448 933 3500 tem
955 3434 1047 3501 hreni
1068 3452 1214 3524 tempore

135 3546 263 3629 scriptos
278 3564 354 3609 esse
368 3540 611 3629 reputantibus,
633 3543 801 3607 materiem
818 3540 922 3607 multo
939 3557 1016 3608 aute
1032 3544 1213 3609 conlectam

135 3646 237 3715 tonse.
282 3646 400 3715 Cicero
422 3652 511 3715 euim
526 3649 603 3714 inde
624 3646 666 3713 ab
688 3646 913 3713 adulescentia
926 3646 1049 3714 Graecae
1071 3649 1216 3737 philoso-

135 3754 208 3839 phia
227 3756 453 3843 coguitionem
476 3768 652 3842 parauerat
681 3756 722 3821 ad
738 3756 879 3819 oratoris
901 3774 996 3819 nsum
1019 3756 1111 3820 etad
1133 3753 1217 3819 iibe-

134 3861 226 3929 ntem
246 3866 363 3951 ingeni
388 3861 526 3943 cultum,
546 3884 612 3927 non
634 3860 799 3928 scribendi
819 3865 971 3945 coneilio,
991 3862 1076 3951 quod
1099 3864 1131 3926 ei
1143 3864 1215 3926 seni

135 3968 326 4057 reipublicae
348 3990 448 4035 casus
472 3982 507 4033 et
528 3969 701 4035 domestici
722 3970 922 4051 adtulerunt,
944 3992 1050 4057 neque
1071 3971 1216 4033 intumos

136 4088 282 4142 murum
302 4094 456 4143 recum
477 4088 701 4163 perscrutatus
724 4090 796 4143 erut
816 4076 1065 4167 singularumue
1077 4076 1218 4142 formam

136 4232 350 4251 ——n-

193 4352 249 4391 ιιι
262 4336 419 4401 tauns,
445 4331 590 4407 Epicurea
607 4342 719 4391 tantan
737 4342 767 4393 et
785 4336 884 4393 Stoica
900 4335 1017 4393 decreta
1034 4329 1218 4404 exponuntur

193 4434 220 4483 ‘i
232 4428 410 4489 amnica
426 4424 610 4485 dubitatione
626 4428 830 4503 inprimatur.
