2706 5018
224 364 284 443 ΕΤ
304 361 414 432 MAI..
435 364 521 433 LIB.
544 367 593 434 ΠΙ
616 367 712 437 CAP.
736 376 787 436 lo.
986 379 1052 443 tta

108 558 220 645 pello,
243 582 327 648 quae
344 552 459 629 erlend
482 563 650 641 dicuntur;
691 588 765 630 nam
790 568 852 631 hoo
873 568 980 654 ipsum
1001 574 1051 635 in-

108 687 156 745 re,
190 680 226 729 ut
248 666 391 753 placuit,
422 668 571 751 pluribus
591 670 701 735 uerbis
723 673 850 753 dicere,
876 677 961 761 qnod
984 698 1049 740 uno

108 775 244 851 erimue,
276 788 312 838 ut
336 796 390 838 ree
411 775 656 861 intellegatur),
679 777 745 842 alia
767 793 877 844 autem
899 781 1050 849 ecficien·

109 901 128 941 e
150 877 269 943 Graeci
290 873 470 967 ποιητικά,
494 882 560 946 nlia
580 897 764 972 utrumque.
808 886 861 951 De
885 891 1050 973 pertinen·

108 983 156 1047 hil
178 998 228 1048 eet
249 983 370 1051 bonum
394 1001 524 1071 praeter
545 993 691 1054 actiones
713 992 888 1072 honestae,
911 994 951 1058 de
973 994 1050 1060 ecfi-

108 1111 121 1153 e
150 1091 235 1155 nihil
264 1107 395 1178 praeter
416 1098 578 1174 amicum,
624 1098 681 1160 sed
712 1112 745 1161 et
773 1103 993 1183 pertinentem
1017 1114 1050 1165 et

111 1218 162 1259 em
185 1200 377 1279 sapientiam
402 1199 520 1263 uolunt
539 1222 623 1265 esse.
682 1202 766 1268 Nam
791 1208 867 1291 quia
887 1209 1051 1293 sapientia

108 1307 212 1367 eniens
236 1308 340 1384 actio,
383 1309 486 1370 estin
507 1306 568 1371 illo
589 1311 765 1388 pertinenti
789 1334 932 1398 genere,
962 1313 1048 1398 quod

108 1412 153 1473 {od
177 1425 286 1474 autem
308 1412 463 1476 honestas
481 1416 627 1477 actiones
649 1416 755 1480 adfert
779 1431 811 1480 et
836 1416 956 1499 ecficit,
978 1416 1047 1506 [id]

108 1540 113 1577 ι
137 1517 201 1580 dici
222 1531 341 1603 potest.

108 1682 121 1735 r)
137 1682 185 1724 tam
201 1682 271 1726 tutu
318 1684 430 1736 unn)orn.
447 1682 539 1726 EMGR
579 1684 666 1737 autem)
681 1685 784 1729 nuueE
825 1686 854 1730 de
868 1687 934 1732 eollo.
950 1688 1048 1731 -tmi-

108 1757 330 1803 enutmnttuan
343 1758 484 1802 amioumlr
540 1757 689 1815 sapientiem)
703 1763 841 1816 eapientem
855 1760 896 1806 ΕΡ
945 1762 1048 1815 innam

121 1834 205 1877 uuor.
233 1834 286 1891 [ldD
299 1835 351 1880 eine
366 1834 431 1879 uncie
445 1836 487 1878 Or.

108 1988 157 2038 loc
176 1988 276 2056 iprum)
297 1990 359 2042 Uid.
380 1992 395 2058 ᾗ
413 1991 455 2044 15.
504 1991 534 2043 ln
554 1991 689 2043 editiones
709 1995 771 2061 poet
789 1992 910 2061 primam
930 1999 1050 2053 uenerat

108 2081 336 2145 [Uudrcomexit
353 2084 515 2136 Dauieiuee
534 2085 595 2136 Pal.
614 2082 771 2149 1,2,t‚u‚
791 2086 836 2139 ΕΙ.
856 2085 884 2147 1,
903 2086 933 2137 c.
953 2086 984 2137 G.
1005 2086 1047 2148 0.,

108 2173 169 2227 ead.
187 2189 303 2240 nemque
321 2174 393 2238 doc).
441 2177 507 2228 Mox
525 2194 579 2227 emo
596 2182 661 2228 anto
677 2194 732 2227 non
750 2185 866 2246 propter
884 2175 1047 2230 rimilitudi·

110 2282 179 2315 unm
201 2265 343 2318 exciderat
370 2269 397 2318 in
425 2267 485 2318 rod.
511 2269 667 2337 archetypo
696 2271 822 2335 (Meam,
858 2270 927 2322 Oxx.
948 2278 976 2322 et
995 2268 1048 2322 Get

143 2356 218 2409 idem
246 2357 383 2410 adnotare
413 2359 509 2412 debuit
541 2359 697 2425 Gruterue',
731 2363 779 2414 eed
803 2361 914 2432 erripuit
937 2379 992 2413 nou
1011 2364 1047 2415 ab

108 2450 181 2501 Pali.
201 2449 320 2509 abeatur
360 2447 412 2502 Gai
432 2460 532 2520 prater
550 2451 601 2504 tria
629 2453 779 2517 melioret,
815 2451 843 2505 id
867 2456 910 2506 eet
935 2454 999 2507 Bae.
1020 2456 1049 2505 el

108 2559 153 2593 mo
174 2542 306 2594 dicuntur
324 2544 428 2595 addere
447 2552 510 2612 poet
527 2545 702 2612 poterimue).
739 2545 780 2597 De
798 2543 840 2610 (id
861 2552 903 2597 eet
920 2547 965 2612 ex)
981 2562 1048 2613 per-

120 2633 215 2687 minne
233 2637 368 2689 adcurate
386 2636 426 2688 aie
445 2635 566 2697 dieitur,
588 2644 732 2704 tamqnam
752 2653 783 2686 ex
803 2635 910 2694 maiore
931 2654 1048 2689 numero

108 2724 289 2792 rtinentiurn,
315 2737 343 2780 et
361 2730 500 2781 bonorum
525 2733 553 2779 et
572 2744 625 2778 non
647 2728 804 2787 bonarum,
822 2727 962 2797 eeligntur
982 2745 1049 2791 una,

125 2819 171 2872 eit.

108 2913 191 2963 utiam
209 2929 268 2964 eree
286 2913 396 2979 uolunt)
425 2914 455 2965 ln
485 2912 546 2965 eod.
566 2912 722 2980 archetypo
742 2917 857 2979 propter
875 2910 950 2974 duo,
989 2928 1048 2979 qrtte
1076 2907 1082 2918 ”

108 3012 133 3069 t,
152 3003 319 3074 partieipia,
337 3005 472 3073 scriptum
496 3011 557 3057 erat
575 3006 741 3072 sapientae,
780 3013 811 3056 ut
831 3005 873 3054 eei
891 2999 918 3056 in
937 3004 998 3055 Pol.
1023 3004 1048 3063 l,

120 3098 203 3150 Perr.
223 3098 329 3161 tribue,
348 3099 379 3151 (3.
398 3099 429 3150 0.
449 3098 490 3160 (2.,
508 3117 539 3162 χ,
559 3097 611 3148 uzi
629 3097 767 3149 omnibue.
806 3096 881 3147 Tum
902 3094 929 3148 in
949 3097 1046 3147 eodem

108 3190 214 3244 rideret
234 3193 277 3255 in,
303 3192 376 3259 qttod
400 3191 469 3242 Dari.
498 3189 606 3243 addidit
624 3197 691 3241 ante
717 3190 766 3239 illo
793 3189 869 3246 (Pul.
890 3189 924 3252 1,
961 3189 1048 3257 Spin,

115 3283 169 3337 eir.
189 3289 225 3345 ΙΙ,
243 3283 296 3347 98;
316 3283 343 3336 in
363 3280 550 3335 deterioribus
570 3283 769 3351 errppletumet
787 3298 847 3332 eum
866 3280 952 3343 (Pell.
966 3278 1047 3352 qnin-

108 3374 167 3437 .2,
188 3378 218 3429 G.
240 3377 271 3429 C.
292 3378 333 3440 0.,
354 3377 464 3439 utrae,
484 3376 578 3437 uait,
597 3376 664 3427 Oxx.
683 3372 830 3434 omuibue,
851 3372 1048 3439 delecteris),

108 3486 138 3521 ue
159 3466 303 3533 defendit,
342 3467 407 3537 quin
428 3468 616 3520 dieatureeee
637 3484 697 3517 eum
716 3465 825 3533 aliquo,
862 3467 908 3536 qui
927 3467 1049 3520 alicuine

108 3562 213 3627 [ueluti
249 3559 304 3629 Qui
322 3561 488 3613 defenderet
506 3560 561 3612 diei
580 3575 639 3612 eaeo
656 3558 748 3632 aliquo
764 3575 865 3627 genere
884 3559 978 3627 (quusi
997 3578 1049 3628 go·

108 3662 149 3707 tn
166 3659 235 3720 eit),
272 3671 326 3706 non
348 3658 552 3722 repertueeet,
589 3651 641 3705 etei
666 3650 708 3703 eie
737 3650 1049 3714 nonnuliiodiderunt;

108 3747 217 3817 generis
226 3764 309 3817 qrmm
321 3746 448 3809 dicimur,
466 3763 499 3797 oo
510 3742 619 3814 aliquid
634 3743 825 3813 conprehendi
835 3742 1047 3813 eigniliramue).

120 3847 162 3892 eet
182 3856 215 3891 ex
232 3839 289 3892 illo.
325 3838 381 3891 Sed
400 3835 578 3908 significetur
596 3835 660 3888 hier
680 3836 769 3888 lomim
787 3836 870 3888 laedet
888 3837 916 3888 in
930 3837 978 3888 illo
995 3854 1046 3906 ge-

108 3932 179 3987 ‚tu

108 4025 228 4093 ufieiem
246 4025 302 4076 dini
317 4026 422 4091 potest)
441 4022 473 4076 st
492 4023 520 4074 id
540 4021 697 4081 retinetur,
735 4022 808 4094 pond
830 4040 984 4092 pronomen
1007 4031 1047 4075 eat

108 4116 147 4172 tie
165 4114 319 4190 generalia,
340 4132 429 4187 eaque
449 4113 589 4168 sententia
608 4109 649 4166 eie
668 4113 735 4184 (per
752 4119 854 4183 aretem)
873 4116 1048 4185 adiungitur,

108 4211 185 4265 oleat
200 4206 411 4262 eonelueionem
430 4214 496 4261 unte
513 4210 652 4277 coeptam.
695 4207 751 4260 Sed
770 4216 898 4277 apertum
917 4216 960 4272 et,
995 4208 1049 4259 lion

108 4322 117 4359 ι
143 4318 262 4373 pronae
294 4302 465 4370 rmpondere
487 4297 627 4370 euperiori
654 4301 733 4373 (puio
759 4307 783 4352 et
804 4327 854 4361 -‚
881 4307 922 4350 eet
947 4299 975 4349 ln
999 4298 1048 4349 ille

108 4412 159 4467 pne
177 4411 234 4449 non
255 4392 370 4453 dubito.
409 4393 475 4464 quin
496 4394 525 4444 id
543 4409 575 4444 ex
595 4391 697 4445 ultima
715 4392 830 4461 syllaba
848 4388 927 4443 uerbi
947 4406 1048 4459 prece-
