2706 5018
126 337 191 398 1911
481 331 542 397 DE
564 328 744 398 FINIBUS
765 326 871 399 BON.

130 529 346 603 aeternitate,
368 523 473 588 nihilo
499 524 627 591 beatior
650 526 798 614 Iuppiter
820 545 916 612 quern
938 522 1108 607 Epicuron
1125 537 1145 588 ut

131 655 194 720 que
219 634 306 696 eninr
330 653 457 695 aunrmo
482 631 568 698 bono
593 633 732 712 fruitur,
762 633 795 697 id
820 645 891 712 ert,
911 630 1088 716 uoluptate.
1106 666 1139 680 -

132 741 220 802 enirn
250 738 304 802 hie
337 739 437 802 etiem
467 738 592 804 dolore.
624 776 667 789 -
699 739 746 804 At
780 761 855 803 eurn
888 735 985 801 nihili
1008 736 1094 801 iacit.

133 847 220 909 enirn
242 866 291 923 se,
314 846 342 907 si
366 857 490 923 uratur,
512 868 609 932 quern
632 846 694 911 hoe
716 846 839 910 sueue!
860 844 1033 909 dicturum.
1073 842 1145 908 sat

187 1045 246 1088 bono
259 1043 358 1098 fruitur)
368 1046 406 1100 fr.
421 1045 442 1090 b.
459 1045 479 1089 1.
528 1049 590 1103 curn)
605 1047 670 1091 enim
686 1046 726 1091 Iro
768 1042 846 1099 arant)
864 1043 930 1087 etto
945 1041 1039 1088 ssnrrn
1083 1041 1145 1097 teti]

132 1121 222 1167 brnen
237 1121 282 1176 [te]
295 1122 320 1166 ei
338 1122 379 1166 0r.
405 1123 498 1176 uratur)
509 1123 601 1168 iratum
615 1122 667 1168 MR
681 1124 720 1167 tta
731 1127 785 1167 tan
798 1121 819 1167 1.
830 1120 975 1166 turmo

203 1309 322 1378 Dernpte
340 1310 411 1363 eninr
429 1311 599 1380 eternitate)
617 1312 679 1365 Non
700 1311 785 1364 ualde
803 1308 951 1381 perrpicne
971 1323 1024 1362 nec
1041 1306 1145 1361 drmiter

132 1418 197 1455 cero
218 1409 445 1473 argumentatur.
481 1403 530 1458 Sic
548 1403 624 1457 euim
642 1403 804 1468 concludit,
823 1401 997 1472 Epicurum,
1015 1416 1099 1471 qnorn
1113 1416 1145 1452 rer

133 1494 243 1545 beatum
261 1497 387 1564 appellet
403 1497 499 1561 deum,
518 1495 653 1567 praecipui
673 1495 699 1549 oi
715 1494 824 1565 aliquid
843 1495 879 1553 ed
898 1490 1102 1547 beatitudiuem
1120 1493 1145 1557 (a

131 1588 242 1652 μανίαν)
261 1584 388 1639 tribuero
413 1586 521 1650 uideri3
560 1586 588 1641 id
615 1606 671 1642 non
694 1587 792 1652 cetici,
829 1585 885 1640 niri
903 1584 947 1639 nir
967 1582 1064 1654 aliqua
1081 1583 1145 1637 inbt

133 1673 278 1731 tribuatur
295 1679 457 1734 aeternitati.
485 1681 571 1751 Atqui
597 1680 769 1751 respondere
789 1685 903 1749 poterat
920 1677 1081 1748 Epicurei,
1112 1693 1138 1729 re

132 1775 193 1822 turn
212 1770 297 1823 deum
316 1771 429 1838 dicere,
466 1773 538 1842 quod
557 1774 657 1826 beatur
684 1780 773 1837 erret,
809 1788 865 1825 non
890 1770 965 1841 quod
993 1768 1145 1840 rapiente!

132 1860 262 1928 beatior,
290 1862 378 1918 etuti
396 1865 458 1935 ipra
479 1865 656 1929 Stoicorum,
694 1881 813 1933 quorum
832 1861 897 1917 teti·
917 1862 1018 1916 Cicero
1037 1880 1068 1917 ae
1088 1863 1145 1915 inrtr

133 1952 320 2020 auctoritate,
357 1949 510 2026 Chrysippi
539 1959 661 2020 eaiteru3
696 1955 756 2009 uid.
784 1955 864 2009 stab.
895 1955 997 2025 Eclog.
1024 1954 1091 2009 Etb.
1119 1970 1143 2022 p.

134 2045 223 2099 ilaei.
259 2047 295 2099 Et
314 2047 462 2101 terebatur
479 2048 624 2101 interdum
642 2046 671 2100 in
692 2063 756 2100 cam
781 2047 909 2116 partemr
946 2062 1014 2099 uam
1038 2046 1109 2116 diepa
1123 2046 1145 2101 ir

133 2135 203 2202 ἔχειν
220 2143 264 2191 uei
282 2132 320 2207 τῷ
338 2141 384 2192 Διὶ
400 2133 463 2208 ὖπέρ
479 2135 649 2209 εὐδαιμονίας
667 2136 875 2209 διαγωνίζεσθαι
894 2134 986 2207 μάζαν
1002 2138 1073 2204 ἔχων
1089 2144 1132 2193 καὶ

132 2229 225 2293 (Stob.
245 2229 385 2301 Florileg.
401 2231 461 2284 Tit.
482 2233 576 2298 xvir,
612 2230 649 2284 ab
674 2251 701 2301 p.
725 2229 778 2284 1⁵8
798 2230 902 2296 Germ,
941 2229 1049 2283 AElian.
1070 2230 1133 2283 Uar.

133 2320 189 2381 tv,
216 2320 271 2389 13).
307 2328 408 2392 ltaque
426 2322 474 2377 hic
494 2323 584 2377 exitur
602 2322 833 2376 intercludenda·
853 2322 881 2375 ai
900 2330 979 2387 erat,
999 2339 1085 2394 quoru
1101 2325 1145 2374 ortt

133 2418 229 2478 retur,
249 2430 314 2466 eum
333 2412 476 2468 interdurn
496 2422 596 2486 aperte
614 2413 761 2479 confiteri,
780 2415 1006 2483 proertaatiorenr
1026 2432 1085 2468 earo
1102 2408 1145 2468 eit

131 2507 193 2558 νίαν
210 2504 255 2557 dei
275 2522 360 2575 quam
379 2507 520 2572 bominir,
549 2514 581 2560 nt
598 2506 740 2577 Diogenen
757 2505 901 2577 rignitieat
921 2507 966 2572 X,
984 2505 1038 2560 121
1058 2507 1145 2571 <uter

132 2595 197 2663 6253
234 2605 299 2667 aut,
329 2599 354 2654 ri
371 2599 427 2653 hoo
446 2599 509 2651 {ieri
528 2599 681 2669 nequibat,
706 2598 801 2668 potiar
819 2614 852 2651 er
874 2601 969 2654 altera
987 2606 1071 2669 parte
1089 2614 1145 2668 urgt

133 2697 203 2757 erat,
222 2698 255 2745 ut
266 2698 447 2761 quareretur,
467 2710 518 2746 cur
536 2692 577 2746 ita
590 2708 702 2762 temper
715 2698 850 2744 aternum
863 2691 948 2744 deum
966 2692 1145 2763 appellanti

132 2785 273 2837 eternitas
292 2784 366 2837 nihil
384 2785 512 2847 adderet,
531 2801 586 2854 quo
605 2782 784 2852 prestantior
804 2791 888 2837 eeeet.

202 2877 240 2928 At
265 2877 335 2930 enirn
360 2877 405 2929 bic
426 2877 508 2929 etiem
530 2877 638 2941 dolore)
673 2877 734 2930 Nou
758 2874 862 2929 dicitur
886 2875 952 2941 frtri
977 2874 1093 2938 dolor-er
1123 2888 1145 2927 rr

133 2967 281 3023 contrariis
307 2968 442 3022 membria
469 2985 502 3021 ex
532 2966 627 3038 priore
654 2969 743 3022 uerbo
768 2967 886 3040 apaciaii
915 2967 1003 3035 (quod
1028 2965 1058 3018 in
1083 2963 1145 3018 rueii

132 3066 243 3127 partem
261 3060 370 3131 uergit)
389 3059 417 3114 in
440 3064 564 3115 aiterum
578 3062 739 3113 membrum
749 3061 872 3113 latenter
881 3058 1045 3112 interturea
1053 3055 1145 3128 tigrin

132 3149 238 3219 quein
260 3153 433 3207 contrariam
455 3155 593 3221 (malam)
612 3159 722 3222 partem
741 3153 794 3206 rub
819 3152 941 3203 eandem
972 3166 1145 3205 commane·

132 3241 239 3295 tionem
258 3243 416 3313 (capiendi)
439 3246 533 3311 eadit,
568 3252 637 3299 uota
655 3246 770 3316 figura,
795 3260 857 3314 qna
875 3249 971 3297 nmen
991 3244 1145 3313 plerumque

131 3350 182 3385 nua
200 3334 347 3404 perepicuo
366 3338 545 3390 describitur.
600 3338 689 3390 Recte
709 3338 783 3392 Dau.
807 3341 946 3405 conparat
963 3334 994 3388 X
1019 3337 1057 3390 ad
1076 3333 1145 3390 Attio

128 3426 262 3490 fortune,
300 3444 355 3500 pau
378 3429 422 3480 iili
441 3429 669 3493 florentiorem,
706 3445 756 3480 nor
780 3428 892 3485 duriore
917 3428 1074 3491 conflictati
1096 3428 1145 3481 aeid«

131 3516 195 3569 Uid.
214 3518 385 3572 Ramaborn.
404 3537 432 3589 p.
450 3518 519 3572 1⁰21
530 3527 559 3574 ct
578 3537 647 3589 quor
662 3520 713 3573 itte
725 3518 805 3575 citat.
835 3518 1001 3573 Durirrunre
1012 3517 1145 3575 Liuineio

131 3605 280 3677 paratione
297 3619 361 3681 port
387 3631 468 3688 qaam
493 3631 525 3667 cr
551 3614 726 3684 precedente
750 3613 843 3666 oberte
869 3610 964 3666 audiri
990 3612 1086 3668 uoluit
1101 3628 1145 3681 prr

131 3700 215 3766 XLV,
234 3700 279 3767 20,
299 3702 473 3771 901818.

203 3794 251 3846 Ait
268 3795 339 3848 enim
357 3814 396 3861 rc,
415 3798 441 3850 ti
458 3799 571 3867 teretur)
590 3796 617 3850 in
640 3794 803 3850 Phalaridi·
821 3803 925 3861 tauro;
946 3795 1003 3850 boe
1021 3796 1100 3851 enirn
1119 3794 1145 3853 td

131 3884 157 3935 ΙΙ
176 3885 262 3938 Ture.
278 3887 314 3940 17
331 3889 446 3956 (Sanco.
464 3892 517 3961 Ep.
537 3890 590 3955 76,
608 3890 660 3952 17,
678 3889 808 3944 bactani.
826 3888 886 3948 111,
904 3886 958 3952 27,
975 3886 1015 3949 5).
1058 3888 1145 3943 orae

130 3973 238 4028 dictum
256 3994 312 4032 non
331 3987 428 4048 extat,
457 3981 510 4035 otei
528 3999 639 4035 ruruma
657 3980 802 4034 sententia
819 3986 846 4033 rt
863 3980 939 4049 apud
954 3978 1077 4050 Diogen.
1098 3981 1142 4045 X,

130 4066 182 4120 eir.
203 4067 279 4122 inira
298 4072 339 4136 V,
356 4072 401 4127 8⁰.
445 4075 476 4127 in
494 4073 606 4126 uorbire
627 4091 665 4137 ee,
685 4072 712 4124 ri
728 4078 828 4125 orator
846 4071 989 4137 rimiliter,
1007 4086 1043 4125 ao
1060 4070 1130 4137 rnei,

129 4164 194 4213 rant
220 4158 272 4213 elii
301 4163 381 4217 codd.
406 4165 562 4219 deteriore·
590 4167 628 4233 (E
656 4182 717 4218 rere
741 4165 914 4229 imoteron,
953 4181 994 4235 gp
1018 4178 1081 4218 reta
1104 4162 1145 4217 ira

128 4252 197 4304 Inde
218 4252 293 4308 Crat.
314 4262 342 4309 ot
359 4256 433 4311 Uict.
454 4257 595 4311 eiceretur
617 4271 654 4308 re.
684 4255 740 4308 Sed
755 4255 829 4325 quod
849 4254 936 4311 Gaiae
956 4270 987 4309 re
1004 4254 1043 4310 ab
1062 4254 1145 4320 tati
