2730 5016
560 337 814 406 PRAEFATIO.
1180 347 1247 412 Vll
1325 355 1328 361 ’

150 529 253 593 tran·
273 521 344 588 fide
369 521 452 587 Msti
475 517 689 608 Balliolensis
714 525 1003 609 praetermisisse?
1051 548 1147 612 quam
1174 516 1244 594 cer-

145 647 201 697 ton
226 645 271 711 st,
295 633 332 695 in
358 628 455 693 nullo
477 631 551 692 eius
569 630 680 695 codice
705 630 819 710 fuisso,
842 647 877 696 ut
898 634 931 695 in
956 630 1050 696 nullo
1074 631 1141 697 ulio
1167 633 1246 713 luit,

143 739 192 803 sed
215 740 289 802 eius
312 738 437 802 locoin
460 734 629 800 nonnullis
647 735 756 812 Trade}
779 736 824 816 11,
845 743 867 802 8
889 736 1015 818 scribit,
1038 741 1073 802 in
1090 736 1241 817 000,

144 845 268 924 bland,
291 843 347 908 ΕΙ.
370 848 389 908 l
417 865 491 908 esse
514 841 664 920 laurent,
697 846 792 928 quasi
815 847 849 908 in
874 847 992 909 ceteris
1014 846 1057 909 sit
1077 842 1239 921 hiaretur,

143 953 221 1040 quod
244 953 393 1016 fortusse
416 953 449 1013 io
472 971 537 1013 nno
561 947 613 1012 ΕΙ.
636 950 676 1028 2,
719 947 868 1015 melioris
891 953 1045 1038 generis,
1078 963 1175 1029 erat,
1203 953 1238 1013 in

142 1072 325 1124 ceterorum
349 1053 455 1121 nullo.
523 1056 619 1143 Sapo
650 1057 685 1119 iu
715 1057 843 1120 mendis
870 1058 1116 1145 typographicis
1141 1078 1240 1141 supe·

139 1167 261 1229 riorum
285 1163 492 1249 corrigendis
512 1176 605 1249 parte
633 1163 782 1227 codicum
815 1165 938 1242 utitur,
982 1185 1080 1250 quom
1102 1161 1238 1226 deberet

141 1271 311 1349 omnibus,
357 1283 394 1333 ut
418 1268 453 1349 l,
497 1272 540 1332 dd
558 1267 742 1346 facillume
772 1275 819 1335 ait
847 1283 923 1336 esse
948 1274 982 1336 in
1004 1271 1096 1336 Patr.
1120 1267 1237 1344 tribus,

140 1376 266 1441 Eliensi
291 1389 448 1462 utroquo,
491 1376 577 1461 quod
599 1389 670 1440 crat
691 1397 757 1441 non
780 1381 888 1442 minus
910 1380 943 1441 in
966 1375 1100 1442 relicuia
1122 1373 1238 1439 tribus.

141 1482 256 1547 blultis
277 1481 381 1562 locis,
423 1481 479 1545 ubi
513 1495 638 1546 tantum
667 1483 740 1547 durs
769 1487 942 1571 scripturas
964 1496 1061 1563 sunt,
1105 1483 1236 1567 utrique

141 1611 239 1654 unurn
262 1603 297 1654 et
325 1587 467 1652 alterum
486 1589 638 1673 adsignat
662 1589 826 1669 codicem,
868 1606 996 1655 ceteros
1018 1592 1152 1654 omnlno
1177 1587 1237 1650 du-

142 1694 212 1759 bios
234 1694 414 1780 relinquit,
436 1710 472 1758 ut
495 1693 530 1774 1,
551 1698 595 1760 8⁰
616 1695 663 1760 od
682 1704 834 1760 naturam
858 1697 938 1761 dicit
961 1717 1034 1762 esse
1057 1699 1091 1759 in
1117 1693 1191 1758 Par.
1215 1696 1233 1756 1

142 1815 173 1865 et
191 1805 232 1879 8,
256 1804 292 1864 in
315 1801 368 1865 ΕΙ.
393 1805 411 1865 1
434 1815 468 1864 et
488 1799 574 1866 Ball.
599 1803 776 1866 secundum
797 1812 970 1883 saturant,
999 1816 1037 1868 ut
1061 1805 1095 1865 in
1118 1801 1236 1864 ceteris

144 1920 294 1994 quattuor
317 1910 427 1972 nescio
451 1909 528 1994 quId
550 1907 641 1972 aliud
664 1909 768 1972 luisse
790 1923 897 1995 putes.
958 1907 1010 1974 No
1029 1910 1072 1972 lis
1093 1906 1236 1994 quidem,

142 2036 211 2100 quae
233 2013 364 2100 probat,
389 2013 487 2100 plena
510 2017 698 2080 testimonia
720 2014 874 2093 ascriblt;
897 2038 972 2082 nam
997 2014 1050 2096 ll,
1075 2018 1115 2078 12
1139 2012 1235 2077 l‘ala-
1302 2013 1305 2019 '

141 2124 246 2185 tinol
271 2135 305 2185 et
336 2121 486 2187 Uictorio
516 2123 619 2186 credit
646 2120 786 2186 delenda
813 2121 882 2188 bac
912 2144 1001 2188 osse:
1047 2119 1118 2186 Sed
1136 2119 1236 2198 j'orte

142 2228 272 2304 dicetis,
316 2229 352 2290 in
375 2226 510 2314 relicuis
543 2227 709 2292 codicibus
730 2231 777 2293 ait
807 2250 892 2294 esse.
963 2230 1006 2292 Et
1025 2241 1152 2307 tamen,
1200 2238 1235 2288 nt

142 2334 180 2397 de
213 2333 267 2398 ΕΙ.
295 2332 423 2397 2ηἰΙιίΙ
445 2336 668 2420 suspicemur,
692 2334 810 2400 saltem
847 2338 880 2399 in
914 2335 952 2401 0
975 2334 1013 2400 C.
1033 2335 1072 2400 0
1093 2334 1177 2418 (Ox.
1200 2336 1235 2412 ξ)

142 2461 180 2503 ea
219 2437 324 2503 uerba
353 2442 477 2524 scripta
515 2461 580 2504 non
617 2462 708 2519 esse,
760 2441 1005 2507 oxoniensium
1044 2441 1234 2506 testimonio

140 2551 274 2611 scimus.
334 2546 464 2612 Deinde
487 2545 646 2611 Dauisios
670 2569 776 2634 neque
801 2550 931 2613 codices
954 2550 1130 2626 distinxit,
1174 2565 1235 2609 sre-

140 2656 286 2736 pissume
336 2674 471 2739 prorsus
512 2655 729 2739 permutauit,
789 2668 822 2719 et
860 2654 1033 2741 permultis
1068 2653 1152 2717 locis
1192 2653 1233 2715 de

139 2760 311 2846 scripturis
343 2759 442 2845 plane
473 2758 559 2824 falsa
590 2760 745 2845 prodidit.
811 2760 960 2838 Quorum
983 2774 1157 2844 utrumque
1192 2778 1232 2820 ne

138 2870 178 2931 iis
214 2867 346 2930 iudiciis
386 2886 583 2950 coarguam,
636 2887 708 2951 quac
750 2865 792 2928 ad
830 2866 1097 2952 perspicuitatem
1137 2861 1233 2948 plura

140 2972 241 3037 uerba
272 2973 480 3050 desiderant,
528 2984 601 3035 utar
639 2968 769 3035 duobus
798 2973 1000 3035 certissumis
1030 2984 1065 3035 et
1096 2968 1233 3033 manile·
1280 3039 1284 3045 ,

137 3080 315 3145 stissornis.
383 3078 529 3143 Primum
560 3077 677 3142 habuit
707 3078 791 3142 duos
823 3075 952 3142 codices
972 3077 1135 3155 Ellensis,
1175 3097 1233 3163 ge·

137 3209 235 3266 uere,
268 3197 304 3247 ut
325 3184 412 3249 infra
437 3185 628 3265 ostendam,
668 3185 830 3249 diuersos.
896 3184 965 3250 loru
987 3181 1126 3249 infinitis
1149 3181 1232 3247 locis

136 3316 201 3359 non
222 3292 398 3368 distinxit,
445 3304 551 3356 utrum
582 3293 728 3357 codicem
763 3291 931 3357 Eliensem
952 3293 1094 3372 diceret,
1137 3303 1174 3353 ut
1197 3292 1230 3353 in

137 3404 242 3487 prima
275 3400 441 3461 mentione
478 3398 575 3478 adl,
612 3402 631 3462 1
663 3402 804 3478 (tantem
825 3396 1102 3482 reprehenderam
1144 3417 1230 3479 sape

135 3507 208 3571 ’'131.
248 3505 369 3568 unnm”
406 3503 562 3590 appellat.
632 3503 668 3569 lu
706 3509 881 3592 postremis
921 3504 1015 3569 libris
1052 3508 1098 3569 ita
1127 3526 1229 3590 propo

135 3623 325 3680 constanter
355 3624 482 3674 tantum
520 3611 688 3675 Eliansem
725 3613 838 3695 (etiam
876 3611 1043 3677 Elicerem
1073 3611 1229 3692 nostrum)

134 3723 304 3798 nominat,
335 3738 401 3781 non
428 3717 538 3783 addito
560 3738 658 3783 unum
680 3731 738 3783 aut
760 3720 922 3794 alterum,
947 3732 1000 3798 ut,
1025 3718 1157 3781 etiamsi
1181 3718 1230 3780 in·

132 3830 230 3906 iuria,
250 3845 317 3889 non
344 3838 454 3890 tamen
480 3828 551 3891 sine
575 3848 691 3890 caussa
716 3825 898 3890 dubitatum
920 3827 985 3904 sit,
1022 3824 1147 3889 duosne
1172 3823 1230 3886 ba-

131 3932 312 4015 buisset.¹)
360 3931 433 4019 Ego
457 3929 616 4012 arbitror,
662 3934 708 3997 ita
732 3946 908 4018 excerptos
932 3933 1034 3996 luisse
1058 3932 1229 4015 utriusque

147 4184 175 4252 ¹)
194 4180 364 4236 noemmin
383 4179 463 4253 prees.
483 4198 508 4251 p.
532 4178 557 4231 V
575 4178 621 4235 ΕΙ.
640 4178 667 4232 ΙΙ
687 4178 807 4248 (scribit
826 4177 857 4242 l,
884 4176 935 4231 scd
952 4176 1101 4230 moliorem
1118 4172 1229 4242 signifi-

193 4281 259 4338 ert,
288 4290 375 4346 quern
403 4274 465 4344 ipsc
490 4278 589 4343 postca
615 4279 695 4325 recte
718 4271 746 4324 ll
773 4269 865 4324 luisse
891 4269 978 4336 dicit)
1004 4268 1122 4322 uidetur
1148 4265 1229 4317 ''crtm
1302 4283 1304 4287 ’

190 4367 282 4422 tertio
304 4366 384 4421 libro
404 4364 574 4427 srniuisses·
610 4383 675 4418 nam
692 4363 760 4418 indo
778 4364 864 4419 unius
883 4362 968 4418 modo
987 4360 1032 4416 ΕΙ.
1053 4355 1228 4414 montionem
