2706 5018
133 357 191 417 112
485 351 544 416 DE
567 352 744 420 l'lNlBUS
768 350 871 420 BON-

129 549 301 613 Adcedunt
323 547 566 632 aegritudines,
588 547 778 627 molestiae,
802 569 979 626 maerores,
1002 552 1060 635 qui
1081 550 1203 613 exedur

131 658 258 718 animos
291 650 532 738 conficiuntque
555 656 641 716 curis
665 654 833 719 hominum
858 676 924 719 non
947 654 1203 742 intellegentiuu

129 759 210 823 nilril
231 758 405 822 dolendum
437 782 509 823 esse
533 760 662 841 animo,
705 763 790 848 quod
819 765 862 825 sit
893 785 913 825 a
934 760 1051 825 dolore
1081 763 1203 846 corpori

129 868 294 953 praesenti
319 865 472 929 luturoue
496 870 690 932 seiunctum.
735 866 806 932 Nec
834 890 913 932 uero
947 869 1125 953 quisquam
1148 864 1203 929 stul

131 985 183 1034 tus
206 993 270 1034 non
304 970 419 1035 horum
448 972 635 1038 morborum
665 973 776 1059 aliquo
807 972 955 1047 laborat;
997 995 1097 1037 uerno
1129 975 1203 1060 igitr

131 1092 180 1140 est
208 1098 273 1140 non
305 1079 416 1141 miser.
457 1082 509 1142 tto.
532 1081 672 1143 Adcedit
703 1082 801 1143 etiarn
833 1101 939 1158 mors,
985 1101 1092 1165 quae,
1135 1096 1203 1165 quet

130 1206 248 1247 saxum
272 1181 435 1263 Tantalo,
466 1206 594 1269 semper
617 1187 789 1271 inpendet;
830 1198 897 1248 tum
922 1187 1135 1270 superstitio,
1162 1202 1203 1269 qu

130 1292 185 1374 qui
210 1302 239 1351 st
262 1287 414 1367 inbutus,
454 1295 583 1376 quietus
606 1313 679 1354 esse
704 1313 878 1377 numquam
901 1303 1022 1377 potest.
1078 1290 1203 1369 Praetor

130 1419 169 1458 ea
197 1394 285 1458 bona
316 1399 493 1479 praeterita
523 1419 588 1460 nou
615 1399 851 1476 meminerunt,
899 1393 1129 1482 praesentibus
1158 1412 1203 1456 not

130 1503 302 1574 lrurrntur3
344 1501 454 1565 lutura
478 1503 571 1566 modo
592 1516 787 1589 expectant,
830 1525 914 1588 quae
939 1505 1019 1587 quia
1043 1482 1203 1564 certaeslt

130 1630 193 1672 non
218 1621 374 1693 possunt,
406 1605 621 1673 conficiuntur
646 1623 678 1672 et
700 1631 823 1694 angore
847 1622 880 1672 et
904 1619 1013 1682 metu3
1054 1622 1203 1670 maxumo·

130 1735 192 1800 que
216 1715 419 1791 cruciantur,
442 1737 538 1799 quom
562 1737 636 1778 sero
661 1718 824 1792 sentiunt,
847 1715 969 1778 frustra
990 1735 1027 1776 se
1051 1725 1107 1776 out
1125 1728 1202 1798 peet-

129 1821 203 1884 niae
222 1820 386 1883 studuisse
416 1833 472 1883 aut
494 1823 630 1906 inperiis
654 1834 710 1884 aut
732 1819 849 1906 opibus
879 1835 936 1884 aut
956 1819 1094 1907 gloriae.
1137 1812 1201 1880 Not·

20 1990 26 2006 ,
130 1924 179 1989 las
208 1928 295 1989 enim
329 1940 545 2023 consecuntur
578 1926 783 2013 uoluptates,
823 1922 972 2014 quarum'
990 1924 1133 2013 potiendi
1155 1938 1203 2008 spa·

182 2120 230 2176 qui)
244 2133 298 2177 quoe
312 2119 332 2162 1,
355 2120 456 2163 eredunt
470 2119 568 2175 culmos)
583 2125 692 2166 exedunt
706 2123 812 2175 (med.)
826 2135 870 2165 nos
887 2121 929 2166 l’li
944 2123 1039 2164 animos
1054 2113 1198 2162 eseatttttr·

129 2198 173 2249 ert)
189 2209 273 2240 eorum
288 2201 326 2238 ert
340 2194 359 2237 11
374 2208 458 2238 eorum
474 2197 515 2240 or.
597 2198 632 2242 dt.
647 2199 745 2242 Adsedit
760 2220 787 2230 -
802 2211 921 2253 nunquan
935 2200 1022 2254 poteri)
1036 2196 1099 2240 citat
1112 2193 1157 2238 rire
1167 2198 1199 2234 Ι·

129 2271 214 2315 rietsts
229 2269 320 2314 Nouius
335 2283 356 2326 p.
371 2270 500 2323 struere.
528 2273 649 2331 inpendet)
664 2274 798 2331 impeditB
827 2273 939 2329 pecunie)
950 2272 1103 2329 pecuniioss

197 2439 343 2490 dolendum
362 2453 421 2489 esse
434 2438 535 2502 animo)
553 2438 617 2490 Uid.
637 2440 672 2491 ad
688 2442 701 2507 5
720 2439 763 2492 55.
800 2443 891 2509 Quom
910 2439 938 2491 io
959 2453 1065 2508 paucus
1087 2431 1200 2506 querit!

130 2528 265 2582 editiones
283 2530 393 2596 (crat,
419 2529 507 2597 Uict.)
529 2530 686 2600 irrepsisset
705 2532 828 2596 omnino,
855 2538 883 2583 ct
904 2529 931 2582 io
951 2546 1045 2600 marg.
1065 2528 1200 2581 Cret-tl!

130 2622 190 2674 cod.
206 2623 279 2675 Mor.
309 2639 408 2674 uerum
428 2624 593 2675 adnotatum
613 2629 647 2674 st.

202 2721 314 2765 estnon
332 2714 428 2781 miser)
446 2715 488 2766 Ex
507 2713 601 2766 Ursini
622 2716 736 2778 codice,
756 2715 803 2785 qui
822 2715 916 2767 nullus
937 2719 1016 2777 ersi,
1043 2708 1203 2767 Danielus&

130 2806 217 2859 Gaius
233 2824 325 2859 eorum
344 2824 395 2875 pro
417 2812 458 2857 ert
476 2806 655 2870 asriuerunt,
690 2806 836 2874 (Bromius
855 2806 947 2870 dedit,
974 2806 1049 2876 quod
1069 2813 1111 2859 est
1127 2804 1152 2858 ir
1167 2798 1203 2869 li.)

132 2917 167 2952 no
187 2900 270 2952 nimis
286 2897 429 2970 generalis
450 2898 589 2952 sententia
603 2897 695 2968 ipsum
714 2900 871 2969 sapientem
884 2899 1134 2968 conprehenderet.
1162 2888 1203 2949 Stl

129 3009 183 3043 non
203 2990 360 3045 dillicultcr
379 3009 394 3043 e
414 3009 551 3062 proxumo
578 2993 693 3045 cuditur
720 2993 840 3050 stultum
877 2988 927 3042 etsi
948 2990 1051 3043 melius
1068 2990 1119 3042 illo
1137 2984 1203 3041 urolt

129 3082 311 3136 scriberetur.
370 3085 436 3136 Mox
456 3086 491 3136 de
511 3065 631 3139 Tdntali
649 3102 734 3148 suro,
771 3084 852 3137 cuius
870 3083 1057 3137 similitudine
1075 3077 1203 3136 urende

129 3174 179 3234 ΙΙΙ,
198 3173 251 3226 993
269 3192 327 3244 sqq.
340 3173 368 3227 in
386 3177 505 3229 deorum
523 3175 626 3230 timore
639 3177 738 3242 utitur,
755 3175 822 3239 uid,
841 3176 865 3230 si
885 3175 1011 3240 tantist,
1029 3170 1203 3229 Porsouunl

130 3262 228 3332 Eurlp.
248 3265 341 3318 Orest.
368 3283 395 3317 u.
415 3267 442 3319 5.

197 3356 241 3407 ott.
278 3363 305 3407 et
323 3373 429 3423 angore
448 3364 473 3408 et
497 3359 582 3424 meto)
618 3360 759 3428 Quoniam
784 3362 843 3413 lrec
869 3359 990 3429 repetite
1014 3358 1156 3430 particula
1175 3354 1203 3411 dl

128 3444 242 3509 stinrit,
280 3446 393 3500 uidetur
412 3450 466 3501 lroc
484 3449 593 3502 dicere:
631 3470 685 3505 non
708 3454 800 3506 solum
819 3469 925 3521 ungero
941 3453 1139 3522 presentium,
1171 3466 1203 3507 11

131 3537 216 3588 etism
240 3546 326 3590 ructu.

197 3647 312 3698 puerum
329 3633 455 3701 potiendi
482 3634 544 3702 spe)
582 3642 726 3691 Incertum
745 3644 788 3700 st,
827 3640 920 3689 utrum
950 3637 1051 3692 Cicero
1071 3656 1188 3708 quam

129 3724 217 3776 uerbo
236 3723 299 3792 regi
318 3724 443 3778 uoluerit
459 3742 493 3779 an
513 3734 665 3796 utrumque
695 3729 738 3787 od,
750 3729 956 3783 srrbstantiuorrr
981 3730 1095 3786 referri.
1150 3734 1203 3790 Νιι

127 3817 220 3884 potior
246 3833 310 3868 curu
337 3816 464 3885 genitiuo
491 3826 570 3873 extro
599 3817 784 3872 notissumam
811 3821 966 3874 lormnlam
993 3822 1065 3876 dixit
1097 3814 1185 3880 eti'nn

128 3908 163 3959 ud
188 3908 267 3960 Foru.
293 3911 326 3975 7,
361 3911 395 3973 43
431 3911 509 3964 uliud
536 3917 578 3964 est
603 3910 680 3963 enirn
708 3913 793 3981 longe
821 3914 870 3973 (tle
896 3915 1019 3967 Lentulo
1044 3916 1203 3985 inperitos

128 4000 211 4068 regni
231 4000 342 4051 illiue
357 4002 461 4068 potiri,
499 4002 576 4057 aliud
598 4003 681 4071 regni
695 4005 799 4070 potiri,
837 4005 863 4055 id
883 4011 941 4068 eet,
960 4023 1060 4077 regem
1078 4008 1154 4063 lieri.
1194 4010 1203 4066 i

127 4098 221 4145 tumen
242 4108 258 4144 u
276 4093 474 4160 substantiuo,
490 4114 544 4166 quo
564 4095 657 4164 mugio
677 4093 792 4159 inclino,
811 4113 876 4148 usur
895 4105 937 4149 est
956 4097 1067 4164 Cicero,
1087 4108 1121 4155 ut
1139 4104 1203 4171 tat

127 4185 252 4251 (eorum,
289 4203 349 4254 pure
374 4189 523 4240 seeundum
549 4193 677 4240 naturum
705 4194 786 4252 sunt,
822 4188 997 4254 adipiscendi
1019 4195 1138 4262 caussa)
1156 4200 1203 4251 nt

126 4279 289 4343 schemate,
325 4278 404 4332 cuius
432 4281 562 4350 exemplu
594 4281 782 4352 conlegerunt
806 4280 1022 4337 Ruddiureuuue
1048 4287 1076 4339 ll
1103 4306 1134 4358 p.
1160 4286 1203 4342 stt

127 4368 334 4423 Rumrlrorniur
353 4391 379 4441 p.
398 4371 460 4437 650,
479 4370 604 4427 Kritaius
618 4373 653 4426 sd
671 4373 788 4427 Sallusti
807 4372 953 4439 caritot,
971 4376 1116 4433 rationein
1133 4378 1203 4437 stru
