2706 5018
134 364 197 424 att
488 356 547 418 DE
570 354 746 422 crotous
771 352 873 420 Bou.

136 556 242 623 (tumn
264 550 366 614 multa
391 571 468 613 uere
491 554 610 613 iniuste
633 548 705 615 fieri
730 564 878 636 possunt,
897 570 981 635 quae
1006 569 1105 613 nemo
1127 570 1171 635 pet

137 652 394 738 reprehendere!
443 659 496 718 58.
519 657 555 719 Si
579 670 610 718 te
636 658 760 719 anricus
784 670 860 720 tuus
883 658 1028 719 moriens
1051 676 1171 740 rogare

137 772 171 820 ut
196 758 411 822 hereditatem
437 761 552 824 reddas
577 758 666 824 filiae
688 783 787 840 suae,
831 784 892 826 nec
921 781 1061 846 usquam
1088 760 1121 822 id
1148 780 1171 822 st

134 866 255 949 pserit,
285 878 320 926 nt
342 868 473 949 scripsit
497 869 631 948 Fadius,
657 892 714 933 nec
741 872 891 953 cuiquam
914 867 1053 945 dixerit,
1077 865 1171 951 quidt

136 970 222 1033 cies?
270 967 321 1031 Tu
348 971 477 1055 quidem
501 975 636 1048 reddes3
674 977 744 1060 ipse
766 974 927 1060 Epicurus
950 974 1092 1037 fortasse
1112 970 1171 1034 rede

135 1090 203 1149 ret;
237 1090 273 1138 ut
298 1076 380 1138 Sex.
403 1076 611 1156 PeducaeuS,
636 1082 716 1142 Sex.
739 1081 795 1159 R,
818 1082 867 1156 ia,
889 1081 945 1163 qui
971 1078 1058 1141 hunc
1081 1090 1171 1140 nostra

135 1182 279 1268 reliquit,
302 1180 443 1266 effigient
471 1162 506 1245 et
528 1183 739 1247 humanitatis
766 1199 798 1247 ot
822 1182 994 1270 probitatis
1011 1205 1091 1247 suae
1107 1181 1171 1245 fitur

187 1349 222 1392 58.
238 1348 291 1392 otte
307 1351 364 1399 sua)
371 1362 423 1392 eurr
434 1347 633 1401 sthhl‘hlcltor.
655 1349 752 1403 Fadius)
762 1350 855 1394 Fedtur
866 1348 936 1395 MGR
946 1347 1041 1404 fidaei·
1064 1346 1171 1404 quidtqur

134 1504 256 1560 dationis
275 1512 390 1556 conotus
410 1511 488 1557 ortus
511 1510 552 1555 est
574 1520 588 1553 c
609 1501 750 1571 scriptura
771 1504 858 1558 simili
878 1506 941 1558 Pet.
961 1507 995 1568 ¹3
1015 1521 1046 1557 er
1065 1503 1171 1557 ceteris!

135 1599 175 1651 hil
197 1597 347 1649 adnotatur
369 1596 402 1647 ad
425 1596 573 1665 uolgarem
595 1595 784 1664 scripturam
811 1598 917 1659 tuetur,
936 1597 1062 1669 iniquae,
1080 1595 1128 1647 nisi
1144 1610 1171 1663 pt

134 1692 203 1760 Bas„
227 1689 345 1740 iniustus
371 1688 455 1739 recitet
487 1688 612 1761 iniquae,
652 1687 703 1740 01.
728 1706 744 1752 χ
770 1688 878 1755 iniquus
905 1689 1031 1741 iniustus.
1090 1686 1171 1755 Δᾶμι

134 1783 345 1835 emendatorem
365 1798 420 1834 non
438 1781 506 1834 satir
524 1781 636 1843 scitum,
654 1796 739 1847 quem
759 1777 900 1833 incidisset
918 1780 945 1834 in
965 1797 1027 1833 eam
1046 1779 1171 1847 scriptum

133 1892 193 1945 qua
213 1879 239 1927 st
257 1873 285 1925 in
305 1871 366 1924 Pet.
387 1871 413 1935 l,
436 1872 643 1941 transponendo
662 1878 690 1923 et
709 1871 857 1926 scriheudo
876 1874 1011 1939 quemuis,
1030 1873 1171 1925 tormenta

135 1982 219 2034 quoru
242 1962 350 2033 periodi
374 1962 523 2015 ericcirsez
561 1979 619 2014 esee
638 1964 707 2014 enim
725 1964 850 2037 quamuis
868 1964 953 2016 uellet
971 1965 1076 2026 tuetur,
1113 1961 1171 2035 irript

131 2064 241 2124 poterut
262 2058 379 2123 inpune,
416 2055 477 2119 cui,
497 2032 717 2123 grammaticam
737 2073 791 2107 uon
809 2053 893 2108 nimis
906 2071 1033 2117 curans,
1053 2055 1123 2107 hunc
1141 2050 1171 2104 ert

133 2149 226 2201 ciehut
245 2145 432 2200 sententiam:
470 2162 641 2215 quamquam
670 2147 745 2199 enim
763 2149 874 2200 mauolt
892 2164 952 2200 csse
971 2146 1079 2210 iustus,
1113 2149 1171 2214 petet

65 2278 67 2283 -
132 2248 225 2295 tamen
241 2239 295 2293 dre.
332 2239 386 2292 Sed
408 2237 454 2289 hic
473 2238 534 2290 tut.
553 2239 569 2290 l
589 2257 653 2292 curn
672 2239 800 2309 uertigiis
817 2239 993 2293 deteriorum
1013 2238 1171 2292 codicumct

131 2350 227 2385 seusus
248 2337 407 2399 suspectam
427 2331 497 2382 iacit
516 2348 615 2383 uorem
642 2332 763 2399 iniquos,
800 2348 858 2400 quie
888 2331 950 2401 ipsu
972 2331 1063 2384 lenior
1082 2334 1171 2396 estqui

133 2443 183 2493 pro
202 2442 233 2476 re
251 2441 302 2476 noc
323 2428 398 2475 recte
417 2420 507 2491 posita
528 2422 658 2489 uidetur3
696 2440 762 2476 uum
788 2424 872 2476 certis
900 2423 1064 2477 hominihus
1086 2420 1112 2473 in
1136 2434 1171 2471 etr

132 2516 236 2570 caussis
255 2515 364 2585 iniquos
384 2513 486 2583 aliquis
505 2523 563 2582 eat,
586 2524 645 2570 teta
665 2515 729 2569 uitae
748 2515 866 2579 ratione,
885 2516 921 2567 de
941 2533 997 2585 qua
1016 2513 1063 2567 hie
1081 2509 1171 2581 qrrtrritt

133 2609 260 2661 irriurtue.
303 2609 394 2677 Atque
414 2624 467 2676 ego
486 2625 599 2676 prorsus
620 2616 686 2677 puto
707 2607 736 2661 in
758 2608 913 2676 archetypo
932 2609 993 2660 cod.
1015 2605 1101 2660 tntae
1117 2602 1171 2670 itipt

129 2703 230 2762 iustus,
248 2699 276 2752 id
295 2705 390 2753 autem
411 2718 508 2754 errore
529 2708 623 2755 ortum
642 2718 701 2754 esre
721 2719 753 2753 ex
770 2700 904 2762 irritatur,
924 2698 978 2752 uiri
998 2698 1061 2770 quir
1079 2692 1171 2749 euml)

130 2792 200 2847 uieio
220 2795 330 2847 mauolt
349 2794 455 2867 iniquos
475 2799 500 2845 et
525 2795 651 2845 iniustus.

198 2887 413 2954 reprehendere)
454 2885 663 2953 Depreteuuere
695 2886 822 2939 malebat
852 2882 1003 2948 Dauiriur3
1039 2882 1110 2935 nihii
1136 2894 1171 2949 opt

130 2982 198 3047 Qum
220 2978 295 3031 cuim
314 2976 418 3030 nemini
436 2984 504 3030 nota
523 2996 582 3030 cese
602 2983 735 3046 poscunt,
755 2976 910 3030 cuitnmodi
931 2977 1063 3046 exemplu
1080 2968 1171 3028 subicio

130 3079 193 3133 tur,
225 3071 340 3123 anullo
366 3070 629 3139 reprehenduntur,
666 3069 719 3121 etri
746 3066 914 3138 reprehendi
941 3074 1095 3121 merentur.
1133 3062 1171 3119 h'u'

132 3177 232 3215 carrera
249 3168 275 3215 st
294 3161 375 3214 uerbi
403 3163 439 3214 ad
459 3178 563 3215 noruuu
579 3161 815 3230 significationem
846 3158 1049 3229 detorquendi3
1086 3173 1165 3228 neque

128 3253 211 3304 Ucrr.
230 3253 287 3316 ΙΙΙ,
316 3251 370 3306 22³
390 3253 719 3318 contrarietatum
753 3254 827 3324 apud
846 3257 990 3306 senatorer
1008 3248 1171 3305 iudiceeoih

127 3342 235 3395 sionem
253 3344 396 3407 habehat,
417 3345 597 3416 reprehendi,
616 3347 689 3416 qnod
708 3345 761 3415 ipsi
781 3347 918 3398 iacerent.

200 3436 267 3508 quid
282 3435 401 3499 series?
420 3464 454 3474 -
472 3439 582 3501 reddre)
605 3438 730 3491 Offendit
743 3437 891 3490 Darririnm
902 3442 929 3488 ct
948 3433 1112 3487 Erucatium
1129 3449 1171 3487 err

128 3527 208 3594 ptum
239 3526 280 3578 sic
308 3527 448 3596 positum,
485 3534 630 3599 tamquam
665 3527 800 3583 eiusmodi
832 3526 940 3596 aliquid
973 3525 1038 3577 fieri
1072 3525 1171 3596 eliquat

128 3633 208 3685 pesse
229 3616 328 3671 Cicero
350 3618 491 3689 opinetur.
544 3628 644 3692 ltaque
666 3620 865 3691 corrigebant:
899 3620 1012 3683 sereres
1030 3646 1067 3656 -
1085 3618 1171 3671 reddat

126 3710 279 3763 Dehchunt
299 3710 388 3780 igitur
407 3721 473 3767 unte
499 3714 624 3767 scribere
649 3731 704 3766 uon
725 3715 835 3766 eoiumt
871 3718 954 3763 ut-
978 3708 1112 3762 redderes
1136 3711 1171 3781 (qr

127 3802 423 3872 uolehathlrnestius)
442 3808 509 3870 red,
546 3807 607 3860 sine
632 3816 688 3875 quo
715 3807 770 3859 hoc
796 3805 940 3858 reloecum
958 3808 1003 3860 rt,
1039 3810 1171 3869 regnaret

127 3893 285 3961 scripsisset
302 3923 336 3935 -
356 3898 478 3952 dirimet.

196 3986 271 4040 Sext.
296 3986 457 4054 Peducoeue)
477 3990 510 4055 ir,
530 4007 610 4059 quem
632 3992 780 4057 pretorem
801 3984 900 4039 Cicero
919 3984 1021 4040 hahuit
1039 3986 1068 4039 in
1085 3994 1171 4057 quui

126 4076 277 4131 Siciliensi.
315 4080 421 4135 Filium
439 4100 502 4136 cum
525 4082 614 4135 dttiro
634 4087 662 4134 ct
681 4079 817 4132 Cicerone
836 4075 1111 4132 coniunctimumum
1132 4078 1171 4133 tat

127 4171 247 4242 adparet
266 4188 299 4223 cr
322 4169 377 4237 eis,
398 4192 458 4243 qua
477 4172 504 4227 in
523 4172 696 4227 onomastico
718 4171 866 4225 Orellieuo
885 4170 1016 4223 conlecta
1034 4174 1110 4227 runt.
1163 4170 1171 4225 Ι

128 4269 183 4313 ture
201 4264 299 4315 ductet
318 4279 415 4318 omnes
435 4262 574 4320 editiones
591 4282 642 4317 nec
659 4265 695 4317 dc
712 4265 791 4318 codd.
813 4261 964 4333 quicquum
983 4268 1128 4317 notetun.
1164 4264 1171 4313 1

126 4352 161 4403 ud
178 4359 188 4404 1
209 4356 222 4421 t
242 4354 285 4408 ot.
