2706 5018
523 376 775 444 l’llAEFA'l'lO.
1124 387 1207 454 LXl

144 584 208 627 suun
225 562 410 627 consilium.
458 560 541 625 Natu
565 585 663 648 quoru
687 586 750 629 uon
776 586 840 629 una
863 581 896 629 et
922 570 1086 631 communi
1119 592 1206 655 qrrae·

142 672 217 733 atione
232 682 466 756 argumentum
489 670 773 755 conprehensumo
795 687 895 751 esset,
918 675 975 737 sed
999 674 1206 757 singularum

139 774 350 857 disciplinarum
379 777 512 840 decreta
536 779 766 861 expositurus,
794 780 826 841 in
851 782 910 842 tris
934 801 1102 843 sermones
1126 794 1206 844 tem-

138 884 349 963 porediuersos
367 905 452 967 opus
475 881 652 962 distribuit,
673 906 810 968 quorum
837 888 971 970 primus,
991 887 1044 970 qui
1065 886 1105 949 do
1128 886 1206 971 Epi·

137 1009 208 1051 rurra
232 989 445 1075 philosophia
470 1002 518 1066 st,
566 991 651 1052 inter
684 988 875 1054 Ciceronem
909 1005 942 1054 et
972 989 1010 1053 L.
1041 990 1204 1055 hlaulium

138 1090 313 1178 Torquatum
337 1109 372 1159 et
397 1094 435 1159 C.
457 1095 625 1161 Ualerium
648 1095 814 1160 Triarium
839 1097 877 1160 L.
898 1097 1035 1175 Paullo,
1057 1095 1095 1160 C.
1115 1096 1205 1161 hlur·

135 1198 199 1263 rollo
221 1200 414 1265 consulibus
439 1225 470 1265 a.
491 1204 534 1265 50
558 1224 587 1263 a.
610 1199 671 1263 Ch.
702 1224 734 1265 n.
767 1206 800 1265 in
833 1202 1003 1266 Ciceronis
1028 1200 1111 1265 uilla
1140 1201 1205 1265 Cu-

134 1328 209 1371 uana
228 1309 361 1371 hahitus
382 1306 518 1392 fingitur
538 1307 617 1389 (uid.
644 1331 770 1395 argum.
789 1308 848 1373 lib.
876 1309 925 1391 l),
969 1311 1149 1387 secundus,
1173 1312 1205 1372 in

133 1436 182 1495 quo
201 1417 309 1478 Stoica
334 1427 429 1491 sunt,
449 1415 534 1476 inter
559 1412 749 1479 Ciceronem
775 1428 807 1479 et
831 1414 880 1479 M.
902 1413 1058 1478 Catonem
1088 1417 1119 1477 in
1140 1410 1205 1475 Lu-

132 1518 393 1583 tulli'l'usculano
412 1518 471 1582 Cn.
488 1520 644 1605 l'orupeio
659 1522 720 1599 lll,
736 1522 777 1598 Q.
790 1521 928 1585 hletello
942 1522 1096 1607 Scipione
1120 1541 1205 1584 coss.

129 1647 151 1685 a.
167 1628 224 1704 52,
255 1640 289 1689 ut
314 1649 357 1690 ex
386 1625 459 1689 libr.
484 1625 552 1705 lV,
577 1629 594 1689 1
620 1626 824 1713 intellegitur
846 1627 921 1711 (huc
942 1649 1029 1692 trouu
1054 1629 1145 1711 lege3
1175 1649 1204 1689 a.

127 1732 158 1793 tt
179 1731 291 1795 Cicero
315 1735 348 1795 in
373 1730 524 1796 Ciliciam
549 1731 656 1815 abiit),
668 1735 692 1815 ¹)
735 1736 850 1797 tertius
875 1749 984 1798 nutem
1009 1732 1123 1797 multis
1148 1755 1205 1795 an-

128 1840 258 1901 tricante
280 1841 325 1920 (a.
346 1842 390 1901 79
410 1861 440 1901 a.
458 1836 548 1921 Chr.)
568 1838 711 1902 Athenis
730 1842 815 1903 inter
836 1839 1029 1904 Ciceronem
1051 1842 1203 1902 iuuenem

127 1946 246 2029 eiusque
271 1946 313 2022 Q.
336 1946 470 2009 fratrem
493 1958 526 2008 et
549 1945 589 2008 L.
614 1946 747 2009 fratrem
778 1946 958 2031 patruelem
983 1960 1015 2009 et
1045 1945 1086 2008 Τ.
1111 1944 1206 2007 Ροιιι-

127 2054 243 2131 ponium
274 2051 421 2115 Atticum
447 2065 480 2114 et
503 2049 552 2114 hl.
585 2053 723 2134 Pupium
756 2052 908 2116 Pisonem
934 2050 1205 2137 Calpurnianum,

126 2160 203 2219 ruins
225 2160 259 2220 in
283 2180 324 2221 eo
351 2160 463 2243 primae
484 2172 592 2244 partes
628 2173 704 2223 sunt
736 2160 819 2240 (uid.
842 2181 912 2244 arg.
936 2157 1012 2222 lihr.
1033 2157 1066 2221 V
1093 2171 1126 2220 et
1149 2157 1205 2221 atl-

127 2265 244 2329 achad
270 2264 383 2347 v,1).
454 2265 579 2329 Reiecit
603 2279 710 2330 autem
743 2264 859 2330 Cicero
893 2286 1076 2328 serruouem
1110 2266 1141 2326 in
1174 2264 1204 2326 id

125 2386 250 2456 ternpus,
271 2370 358 2456 quod
371 2392 483 2433 eorum
506 2374 656 2455 personis
680 2375 727 2435 uti
750 2371 905 2449 uralehat,
930 2373 985 2456 qui
1001 2373 1118 2433 mortui
1139 2372 1203 2431 iam

124 2491 240 2551 essent,-
264 2499 309 2540 ex
336 2479 377 2539 iis
402 2491 604 2563 opportunus
628 2481 719 2543 uisus
745 2493 813 2542 erut
834 2479 922 2554 Piso,
945 2479 1000 2561 qui
1023 2497 1119 2560 quom
1143 2496 1206 2537 uua

124 2606 184 2647 rmu
203 2583 363 2648 Cicerone
388 2583 530 2647 Athenis
553 2583 671 2647 fuisset
696 2598 728 2647 et
751 2588 857 2670 ipsum
880 2582 1102 2660 Antiochum,
1153 2605 1208 2645 eu·

125 2691 168 2751 ius
187 2691 334 2754 doctriua
357 2692 391 2751 in
416 2688 503 2754 libro
527 2690 560 2754 V
582 2693 771 2773 exponitur,
794 2692 951 2767 audisset,
976 2702 1051 2774 apte
1076 2688 1208 2751 iuduce-

125 2792 208 2859 hatur
229 2817 337 2859 sermo
361 2792 421 2857 illo
446 2797 518 2880 ipso
542 2808 689 2881 tempore
712 2798 854 2863 habitus.

203 2904 279 2981 52.
321 2902 468 2986 Surupsit
494 2901 630 2981 Cicero,
676 2926 773 2988 quam
807 2904 859 2965 his
893 2901 988 2965 lihris
1012 2897 1209 2982 explicaret,

129 3027 189 3070 eam
211 3009 446 3093 quaestionem,
470 3029 535 3092 qua
558 3011 665 3072 onmis
687 3009 794 3073 ethica
819 3006 991 3093 disciplina
1018 3003 1209 3069 contineba-

129 3126 182 3189 tur,
200 3114 240 3177 de
262 3134 392 3177 summo
414 3112 502 3178 bono
526 3127 559 3178 et
580 3115 680 3194 malo,
702 3115 786 3202 quod
807 3112 913 3177 Graeci
935 3113 1052 3187 τέλους
1077 3115 1207 3175 nomine

131 3219 377 3305 appellabant,²)
397 3242 461 3285 non
484 3234 592 3287 tomen
606 3234 641 3285 ut
660 3224 730 3308 ipse
752 3244 812 3286 suo
832 3223 966 3307 ingenio
983 3242 1052 3285 rem
1074 3220 1207 3285 arduam

135 3388 350 3407 *—

153 3494 176 3557 ¹)
192 3492 297 3547 Eodem
315 3511 389 3549 anno
408 3500 444 3548 ⁵2
461 3496 491 3549 1,
510 3496 660 3551 Lurnllum
679 3496 739 3552 fato
757 3496 888 3551 functum
915 3513 994 3559 esse,
1033 3494 1210 3548 Goerenziru

191 3592 220 3638 et
246 3586 318 3639 otto
346 3587 422 3642 saluo
443 3588 585 3645 scribunt.
640 3589 668 3642 lr
699 3588 775 3644 enirn
802 3597 921 3663 propter
946 3586 1094 3643 Plutarchi
1122 3586 1210 3640 uerha

192 3677 314 3745 (Lucull.
333 3680 384 3747 4³)
405 3678 613 3753 Ciceronisque
638 3680 674 3735 de
699 3698 733 3736 eo
759 3680 790 3734 in
815 3682 948 3753 epiutuliu
967 3680 1113 3733 silentium
1133 3685 1211 3729 reete

188 3768 313 3823 ereditur·
331 3771 431 3843 paullo
446 3781 627 3845 portantium
635 3780 671 3827 51
687 3782 821 3829 mortuus
837 3790 907 3829 erse.
934 3774 994 3827 Nee
1003 3773 1034 3824 in
1052 3770 1121 3824 lihri
1131 3769 1209 3823 tertii

188 3859 269 3917 initio
291 3862 355 3917 utta
379 3872 408 3918 rt
433 3864 608 3937 significatio
633 3866 746 3919 Luculli
776 3866 867 3938 patria
900 3865 985 3919 hreni
1011 3871 1079 3918 ante
1104 3863 1210 3917 mortui

186 3954 322 4028 puerique
338 3972 516 4029 nuperrume
533 3956 654 4011 Catoni·
673 3958 773 4011 tutele
796 3958 941 4012 conmissi.

147 4048 171 4113 ¹)
187 4046 386 4121 lleprehmn·
403 4056 448 4103 ent
476 4065 491 4100 ι
509 4046 565 4102 lul.
584 4048 698 4103 (inuare
720 4050 867 4121 scaligero
886 4049 939 4119 (de
958 4048 1063 4105 Suhtil.
1082 4050 1210 4105 Exercit.

187 4136 258 4199 CCL
271 4158 301 4213 p.
319 4144 374 4193 m
392 4136 437 4193 ed.
453 4138 604 4211 Weehel.)
625 4150 656 4196 et
679 4142 795 4198 hlureto
822 4142 919 4213 (Uarr.
938 4142 1028 4197 Leett.
1048 4142 1152 4205 xxti,
1171 4144 1213 4207 1).

187 4232 258 4305 quod
274 4232 347 4287 finis
365 4231 456 4285 elim
469 4231 608 4287 malorum
627 4232 758 4300 dixisset,
775 4252 861 4308 quoru
881 4236 911 4289 in
928 4236 1044 4289 nomine
1060 4230 1109 4287 tori
1126 4230 1213 4285 ullove

186 4322 400 4397 nignifiemtrrr
415 4318 460 4387 cti,
479 4312 511 4379 eir
531 4324 620 4391 irata,
637 4334 671 4379 ut
688 4325 725 4381 de
739 4328 812 4382 eolis
829 4326 915 4381 honis
933 4328 1095 4381 diceretur,
1113 4320 1210 4371 delen-

188 4433 232 4473 ιιι
245 4438 262 4473 ι
275 4416 416 4477 Daniele.
453 4414 541 4471 llcrle
559 4424 699 4483 sumunt,
714 4418 790 4479 τέλος
808 4418 894 4475 initio
916 4420 959 4473 aie
976 4413 1130 4490 positum
1150 4408 1211 4481 phi-
