2706 5018
532 388 785 457 PRAEFe't'lo.
1164 398 1217 463 lx

126 594 218 653 nup
238 571 423 637 uolumen
447 594 523 638 esse
551 589 701 662 quarturu
725 576 847 640 codicis
871 596 890 639 e
912 578 1056 663 quinque
1076 577 1217 644 uolunri·

126 679 194 742 ribus
227 683 455 761 constantis,
505 702 576 768 qute
615 680 793 745 Florentius
828 703 849 743 e
885 680 1035 767 pluribus
1069 683 1216 749 librariis

126 789 219 870 scripte
240 790 336 866 sint,
380 788 564 852 seeundum
593 808 622 850 a.
657 789 759 865 1447,
804 790 953 873 quintum
982 791 1135 865 a.1ttn;
1180 794 1213 854 in

126 892 352 975 quertolibros
382 895 427 957 de
461 893 672 980 philosophia
701 896 872 958 contineri.
931 894 979 957 lli
1009 896 1138 960 codices
1168 900 1215 961 ita

126 998 226 1062 couleti
251 1000 430 1077 uidentur,
454 1013 489 1064 ut
514 1003 566 1079 iis,
590 1022 662 1085 quur
684 998 910 1077 adfirmentur,
935 1001 1003 1065 iere
1026 1002 1115 1065 eredi
1138 1025 1214 1088 pos·

126 1108 167 1183 sit,
186 1128 284 1192 quoru
306 1109 496 1189 praesertim
516 1108 577 1169 uix
598 1106 685 1170 lectu
705 1105 859 1171 difficiles
880 1107 1014 1170 fuerint.
1065 1108 1129 1171 Sed
1150 1111 1216 1193 pri-

127 1204 406 1277 num'uerboruru
436 1212 517 1276 ordo
541 1233 701 1298 nusquam
727 1217 861 1278 onrnino
885 1212 1079 1291 adnotetur,
1107 1235 1147 1277 ne
1167 1214 1215 1279 ibi

128 1318 329 1403 quidern,ubi
346 1320 421 1382 eius
443 1320 625 1381 mutatione
643 1332 712 1384 tota
734 1322 897 1384 sententie
921 1318 988 1382 alie
1011 1315 1059 1381 fit.
1100 1318 1215 1404 ltaque

129 1440 155 1487 et
174 1424 224 1505 ll,
254 1428 300 1488 24
323 1425 432 1487 editur
454 1423 576 1488 Lalio’
602 1426 765 1508 praeclare
786 1447 893 1511 neque
918 1426 1091 1510 quiequtuu
1115 1426 1216 1488 edno-

129 1544 202 1595 totur
224 1544 258 1595 et
281 1530 337 1608 ΙΙ,
357 1534 421 1608 71,
442 1552 541 1615 quoru
564 1543 674 1595 cetera
696 1531 839 1596 editores
862 1533 1059 1617 posuissent,
1081 1530 1122 1593 de
1144 1553 1215 1594 rnu-

130 1650 188 1700 tato
209 1636 284 1702 loeo
307 1635 403 1700 uerbi
423 1636 590 1715 obtinere,
633 1637 704 1699 siue
736 1658 799 1722 quo
827 1636 979 1722 intellegi
1001 1635 1214 1721 interpolatio

131 1746 244 1827 nequit,
275 1742 360 1806 nihil
384 1742 554 1805 dixerunt.
602 1741 689 1819 Quin
714 1742 758 1820 V,
780 1746 824 1807 86
847 1765 944 1828 quoru
969 1742 1137 1822 Oliuetus,
1159 1766 1215 1807 eu-

132 1850 174 1911 ius
184 1850 363 1913 editionem
388 1847 596 1913 Oxouiensis
620 1851 780 1933 sequitur,
801 1848 960 1911 adsensus
984 1860 1083 1926 esset,
1105 1870 1216 1933 queru-

133 1956 295 2019 adruoduru
327 1977 391 2041 ego
415 1956 498 2033 ieci,
536 1952 698 2018 Lenrbino
724 1967 757 2018 et
779 1954 880 2019 uerba
900 1963 936 2018 ut
959 1960 1009 2019 ait
1032 1953 1216 2040 Theophra·

119 2062 190 2125 ²rtur
211 2063 480 2148 transposuisset,
502 2082 545 2125 ex
569 2066 633 2147 ξχψ
656 2060 831 2126 adnotatus
856 2075 906 2125 est
929 2062 1109 2141 dissensus,
1131 2063 1217 2148 quod

135 2169 166 2230 ad
189 2183 291 2232 totanr
313 2169 509 2231 sententium
532 2166 729 2249 pertinebat,
766 2190 810 2232 ex
834 2167 894 2234 ΕΙ]
916 2167 998 2231 nibil
1022 2168 1217 2245 ascribitur3

136 2296 197 2338 narn
219 2296 319 2361 quoru
342 2274 478 2338 totidem
503 2272 605 2338 uerbo
627 2286 757 2352 essent,
805 2272 887 2337 nihil
911 2276 1072 2337 interesse
1094 2275 1218 2338 iudica-

136 2396 191 2445 turn
213 2396 255 2460 st,
274 2402 340 2465 quo
361 2379 435 2443 loeo
458 2392 579 2442 essent.
627 2381 692 2444 Sed
716 2392 874 2466 proeterea
895 2383 1063 2462 suspicor,
1081 2383 1115 2444 in
1138 2401 1219 2444 non·

137 2488 225 2551 nullis
240 2509 287 2551 ex
312 2483 539 2549 lrisoodieibus
562 2487 769 2550 conferendis
786 2508 850 2549 uon
871 2510 976 2573 peuce
989 2489 1111 2550 omissa
1133 2506 1218 2563 esse,

136 2614 282 2657 nanrrrue
306 2591 435 2678 quideru
460 2592 492 2653 in
515 2590 546 2656 U
570 2604 603 2656 et
626 2610 664 2669 ψ.
712 2591 839 2656 Horum
863 2595 952 2678 prior
981 2616 1001 2656 a
1030 2593 1220 2656 recentiori·

136 2697 185 2763 bus
206 2696 391 2764 editoribus
413 2696 576 2760 interdurn
611 2712 742 2784 propter
769 2697 937 2761 silentium
964 2711 1077 2775 supter
1101 2700 1220 2762 citatur
1300 2720 1303 2727 ’

135 2809 195 2869 eins
216 2808 400 2890 seripturae,
425 2825 522 2889 quern
546 2805 579 2866 in
605 2826 645 2868 eo
669 2808 836 2888 expectari
860 2803 952 2868 nullo
975 2805 1072 2869 inodo
1091 2806 1222 2888 petiun-

134 2928 177 2978 tur
206 2936 267 2991 ea,
311 2932 383 2997 quse
410 2909 640 2995 proferuntur,
685 2932 818 2996 prorsus
851 2914 960 2975 omniu
992 2915 1074 2988 euris}
1097 2906 1221 2972 infimis

133 3018 292 3083 codicibus
328 3018 560 3103 eonspiruntiu.
630 3016 679 3080 Eo
713 3038 809 3101 quoru
833 3017 988 3096 edeedot,
1032 3029 1067 3078 ut
1089 3037 1136 3079 ex
1158 3013 1222 3080 hoo

133 3127 235 3190 codice
257 3122 364 3188 ruulto
394 3125 566 3210 pauciores
594 3125 765 3208 seripturte
789 3146 886 3209 qurum
909 3146 956 3188 ex
978 3121 1048 3186 ullo
1072 3121 1140 3185 elio
1163 3121 1220 3185 ad·

133 3245 295 3308 notentur,
321 3244 354 3295 et
374 3243 411 3294 ut
433 3231 473 3294 de
495 3252 535 3294 eo
557 3250 614 3316 per
637 3241 722 3291 totus
747 3232 885 3316 paginus
907 3228 1076 3293 silentium
1101 3230 1164 3306 sit,
1187 3230 1220 3291 in

134 3339 244 3424 quibus
269 3335 576 3425 plene-ineredibile
591 3349 623 3399 st
642 3356 718 3398 euru
737 3338 943 3400 consensisse
961 3356 1034 3399 euru
1061 3346 1221 3399 contextu

135 3444 254 3509 Oliueti
276 3444 422 3528 undique
446 3442 607 3521 conflato,
628 3442 782 3523 udperet,
827 3442 903 3527 quid
925 3444 976 3505 rei
995 3442 1049 3505 sit.
1062 3442 1092 3523 ¹)
1156 3439 1221 3503 Sed

136 3550 214 3615 idern
238 3550 360 3614 eeeidit
388 3551 423 3613 iu
456 3564 505 3629 ψ,
548 3571 567 3612 e
589 3547 750 3633 quoinde
772 3546 814 3611 eb
838 3548 852 3612 l
877 3552 896 3628 ς
922 3549 965 3611 52
988 3549 1139 3631 (iugenio
1162 3567 1221 3631 pro

137 3657 255 3741 ingeni)
277 3655 372 3721 nullu
396 3656 560 3744 profertur
583 3657 745 3742 scripture
768 3676 872 3741 usque
897 3653 938 3719 ed
960 3656 1039 3735 §62
1062 3659 1223 3737 (nigrare

142 3830 362 3847 ψ

157 3950 182 4019 ¹)
198 3952 305 4009 siletur·
322 3946 362 4003 de
381 3944 442 4000 boe
458 3944 559 4003 eodire
575 3946 677 4002 indes
703 3945 770 4001 libr.
788 3942 821 4007 l,
856 3947 921 3999 Μ
945 3945 1095 4019 quaereus·
1118 3942 1222 4013 defati-

192 4048 282 4117 qmlt'
296 4042 337 4099 ael
361 4040 471 4109 “Aa
493 4038 608 4094 Utinam
629 4040 699 4109 rte),
737 4058 754 4093 ι
774 4042 791 4105 S
810 4040 845 4090 12
862 4037 1078 4109 (negliguntur)
1098 4036 1134 4090 etl
1153 4040 1170 4102 S
1192 4042 1223 4091 to

191 4142 248 4209 (bie
262 4156 320 4215 pro
339 4132 443 4201 sthi),
478 4130 583 4186 deinde
599 4132 635 4187 eb
652 4130 707 4185 bue
727 4130 871 4203 scripturn
889 4128 925 4184 ed
945 4128 1076 4183 lacurnam
1093 4130 1125 4182 in
1143 4133 1161 4195 S
1178 4134 1223 4193 Η,

191 4238 243 4289 ru
258 4254 276 4289 ι
293 4236 315 4303 ς
332 4232 376 4285 fl
397 4224 537 4295 (scum)
563 4224 601 4279 ed
625 4228 644 4293 s
668 4228 707 4279 Μ
729 4226 836 4299 (ireque
853 4242 921 4278 uero
943 4222 1053 4291 Troit);
1089 4220 1225 4273 similiter·

186 4326 230 4393 (ni
250 4324 355 4385 ndi·
384 4314 624 4393 mimium)
648 4338 665 4373 ι
690 4320 708 4385 ς
731 4320 769 4371 db
793 4314 941 4391 (offerret)
967 4315 1004 4371 ed
1027 4318 1045 4380 S
1071 4318 1103 4365 iil
1133 4312 1224 4377 (mott-

184 4422 286 4493 dms)-
