2706 5018
353 354 410 421 ET
433 355 542 422 MAI..
568 356 651 423 ulti.
678 358 725 423 ill
750 358 846 424 cst).
868 364 899 422 4.
1109 363 1173 423 :tm

116 546 268 629 laudabile,
292 550 444 615 decorum
469 554 545 634 (orit
568 556 655 617 euim
681 557 802 635 notius,
827 557 924 640 qualo
946 560 1000 636 sit,
1025 558 1173 644 pluribus

113 668 228 719 notatum
250 653 425 721 uocabulis
449 658 535 722 idem
558 659 833 739 declarantibus),
854 663 884 724 id
905 684 1004 747 ergo,
1028 667 1172 750 inquam,

114 768 134 821 ri
154 761 243 826 solum
267 775 299 826 st
323 761 464 842 bouum,
517 766 594 851 quid
619 766 755 830 babebis
781 782 968 852 praetcrea,
1007 772 1092 854 quod
1119 792 1171 833 sc·

113 869 201 949 quaro!
222 886 296 947 aut,
319 872 349 933 si
372 869 454 934 nihil
475 871 609 948 maium,
629 876 693 936 nisi
716 874 801 960 quod
822 888 928 959 turpe,
952 873 1172 954 inhonestum,

114 971 284 1054 indecorum,
309 998 465 1059 prauoru,
487 976 711 1064 flagitiosum,
732 980 862 1043 foedum
883 982 932 1059 (ut
959 982 1019 1043 boc
1044 1003 1171 1065 quoque

113 1074 227 1154 pluribus
250 1080 439 1146 nominibus
463 1086 593 1170 insigne
617 1086 810 1167 faciamus),
830 1087 906 1170 quid
929 1101 1099 1168 practerea
1124 1089 1172 1151 di-

114 1202 226 1250 tesesse
246 1189 462 1275 fugiendum!
508 1188 583 1254 ¹Nou
607 1193 794 1277 ignoranti,
825 1195 950 1278 inquit,
983 1191 1061 1271 tibi,
1094 1194 1170 1279 quid

113 1289 153 1353 tiu
171 1292 325 1374 dictumst,
349 1294 407 1358 sed
428 1295 564 1383 aliquid,
587 1310 622 1359 ut
647 1318 710 1383 ego
732 1300 890 1384 suspicor,
916 1322 960 1362 ex
984 1322 1057 1363 mea
1077 1299 1172 1363 breui

114 1403 291 1480 responsione
323 1405 469 1487 arripere
501 1406 663 1489 cupienti,
706 1425 772 1467 uon
803 1403 1006 1490 respondebo
1039 1407 1078 1469 ad
1102 1409 1168 1469 sin-
1249 1456 1261 1469 .

111 1500 180 1581 pulsu
200 1506 376 1593 explicabo
398 1512 526 1594 potius,
551 1514 704 1595 quoniam
730 1512 827 1573 otiosi
848 1530 982 1591 sumuS,
1006 1515 1069 1575 nisi
1089 1512 1171 1577 ulic-

112 1622 165 1671 tou
192 1624 307 1697 putas,
356 1627 457 1677 totam
490 1615 634 1680 Zenonis
673 1619 923 1701 Stoicorumque
962 1621 1170 1683 seutentiam.

111 1704 224 1781 iliuume
245 1720 278 1783 id
305 1721 455 1805 quidam,
479 1722 624 1807 iuquam,
645 1723 802 1801 uiicuum,
827 1720 1029 1806 multumque
1052 1725 1092 1787 ud
1119 1748 1170 1803 eu,

111 1836 169 1898 quae
184 1828 385 1908 quaerimus,
417 1827 597 1913 explicatio
621 1842 677 1892 tuu
701 1830 766 1891 ista
786 1827 973 1912 profecerit.
1028 1830 1078 1891 15.
1104 1830 1170 1893 Ex-

110 1929 241 2003 periamur
264 1934 384 2018 igitur,
412 1936 536 2020 iuquit,
567 1938 628 1997 etsi
654 1933 752 1998 bubot
772 1934 853 1997 haec
878 1934 1062 1999 Stoicorum
1086 1938 1170 1999 ratio

111 2024 242 2100 difficilius
272 2039 426 2123 quiddam
457 2054 489 2103 ot
514 2039 696 2103 obscurius.
763 2038 849 2103 Nam
873 2060 968 2124 quom
989 2043 1021 2104 in
1043 2040 1170 2107 Gracco

111 2150 226 2207 *unone
257 2142 340 2207 haec
368 2147 440 2231 ipsu
471 2148 632 2231 quondum
658 2170 765 2210 rerum
791 2149 923 2210 nouriun
943 2168 1103 2213 nouarum
1127 2150 1169 2182 **

114 2256 159 2307 nou
181 2249 389 2327 uidebantur,
438 2274 521 2336 quae
547 2274 631 2315 nrruc
656 2253 856 2317 cousuetudo
881 2252 1036 2318 diuturna
1061 2257 1170 2329 triuit;

148 2426 370 2487 transnatato
406 2434 460 2487 aiei)
474 2436 544 2480 nita:
579 2436 663 2491 inquit)
675 2449 719 2480 om.
733 2436 774 2479 st.
809 2444 833 2479 ut
848 2450 891 2493 ego
904 2459 930 2470 -
942 2438 1003 2489 mea)
1018 2450 1049 2481 ex
1063 2451 1126 2489 mea,
1141 2445 1169 2481 at

109 2502 208 2557 ''Mm-
220 2509 306 2565 egotl.
353 2510 543 2568 Stoicorumque)
559 2512 729 2556 Stoicorumli
803 2513 835 2555 15.
850 2513 931 2569 igitur,
943 2512 1025 2567 iuquit)
1038 2513 1170 2566 iuquamss

109 2576 219 2637 ''ulian-
232 2587 252 2629 Ε
309 2600 423 2631 nouarum
437 2594 464 2614 ⁸·
476 2601 521 2631 non
534 2588 683 2641 uidebantur)
697 2588 754 2633 Siue
768 2588 859 2632 lacuua
871 2588 956 2632 iudicio
968 2587 1032 2630 PLR
1045 2596 1169 2631 uocarunt

108 2652 290 2706 “ructantur
304 2664 325 2706 E
344 2677 410 2707 noua
421 2670 474 2708 tum
484 2678 533 2709 aaa
548 2666 629 2709 uidi)
648 2671 775 2707 nouantur
788 2678 837 2708 non
849 2667 901 2710 uid.
918 2665 944 2709 M
958 2676 1079 2707 nouarum
1092 2676 1169 2707 noua-

108 2714 221 2782 histor.
248 2740 326 2796 trinit)
339 2740 458 2785 tenuttss

153 2904 191 2959 lt.
225 2908 336 2959 nomina
355 2924 489 2958 nouarum
513 2912 543 2934 ⁰⁸
562 2925 616 2959 uon
636 2907 815 2971 uidebantur)
837 2905 885 2958 Sic
903 2905 983 2958 codd.
1003 2906 1088 2975 longo
1107 2906 1170 2975 ptu-

108 2992 173 3064 Qi,
207 2998 260 3053 nisi
279 3000 353 3071 qood
374 3000 480 3052 lamma
498 3006 593 3053 uotam
614 3018 669 3053 uon
690 2999 797 3052 trabant
816 2999 902 3063 (Pati.
924 2994 1070 3061 nonnulii,
1095 2999 1171 3067 Uzrp,

108 3078 173 3156 ria,
189 3092 261 3147 Gud.
282 3092 308 3159 1,
327 3094 406 3153 uta,
424 3090 555 3145 Dauisius
574 3091 717 3156 uniuerso,
735 3090 776 3144 sic
795 3089 822 3142 ia
842 3090 985 3161 plerisque
1002 3089 1082 3142 codd.
1102 3106 1172 3154 csse,

108 3164 157 3244 ΙΙ),
187 3189 215 3236 et
232 3183 272 3236 sic
299 3185 360 3237 tcrc
385 3184 449 3235 edd.
469 3190 534 3237 anta
552 3181 708 3237 Uictorium
737 3188 765 3235 ct
791 3183 932 3243 Lbiuuur,
970 3181 1171 3250 reuocauitquo

108 3266 182 3337 tia,
205 3292 259 3327 aon
278 3276 442 3329 uidebantur
460 3292 595 3328 enarrans
613 3294 665 3326 uon
685 3276 885 3341 audiebantur,
910 3293 963 3327 uon
981 3281 1077 3339 ararit,
1096 3274 1171 3344 quod

108 3356 251 3421 *mationa
269 3365 416 3439 indignum
434 3373 477 3429 st,
497 3365 678 3419 iudicatiuom
699 3368 846 3439 particula
866 3386 945 3443 qoam
963 3367 1083 3421 rutrmoii
1103 3368 1171 3420 sub-

108 3462 183 3513 ῑὶιι
201 3468 229 3515 ct
246 3478 368 3531 prauam
386 3468 497 3531 tompus
517 3457 595 3512 uerbi
615 3457 655 3511 ait
675 3477 785 3515 curans.
827 3461 897 3530 Quis
916 3460 991 3513 onim
1009 3478 1065 3513 nou
1084 3458 1172 3524 uidet,

108 3564 112 3589 ¹
137 3546 183 3605 hc
200 3554 241 3607 rei
259 3552 329 3608 oiim
346 3553 428 3607 turta
446 3558 474 3605 ct
493 3551 561 3616 eius,
576 3569 636 3622 qua
654 3570 728 3605 nuuc
746 3552 878 3607 iacienda
894 3554 940 3618 ait,
959 3552 1172 3623 conpunctione,

108 3644 236 3699 *mario
255 3645 383 3717 perfecto
402 3653 531 3714 tompore
550 3644 685 3698 utendum
705 3644 813 3699 iuisso't
850 3648 875 3699 E
894 3644 994 3699 ceteris
1013 3646 1093 3697 codd.
1113 3645 1172 3697 hac

108 3718 264 3791 *neuun
283 3736 342 3792 stit
360 3738 455 3803 Petu,
475 3737 550 3792 Gud.
568 3734 603 3798 2,
632 3735 753 3789 fortuma
774 3755 846 3791 uaris
866 3736 1101 3792 ctattcr.1)auisi
1119 3736 1172 3790 Ιιιι-

109 3818 201 3881 dut:
231 3830 345 3883 nonina
363 3836 503 3883 namatio·
521 3846 575 3881 non
592 3829 774 3895 uidebantur,
805 3830 905 3884 Pauo
928 3830 1039 3883 uomina
1056 3845 1110 3880 nou
1129 3827 1172 3880 ui-

108 3910 226 3988 ἀΙΙΙιιι,
253 3924 322 3977 l’sr.
344 3922 361 3975 1
380 3940 471 3976 rerum
488 3923 597 3975 aomina
617 3938 751 3974 uocatam
768 3922 950 3986 uidebantur,
975 3921 1046 3975 0x1.
1065 3919 1107 3983 Εξ
1120 3936 1171 3973 no-

108 3998 159 4059 ¹5⁸
173 4022 319 4069 samotra.
357 4016 401 4069 lis
419 4014 463 4068 bis
481 4013 627 4069 Manutius
653 4013 770 4068 ecta-tt:
804 4032 895 4068 rerum
912 4014 1023 4068 nomina
1039 4030 1173 4065 uariarum

108 4100 158 4153 Ἢ·
169 4108 342 4173 metata,
360 4106 508 4173 Bracstius
528 4108 576 4173 (ui
594 4110 635 4159 cst
648 4105 676 4158 iu
695 4106 739 4159 cd.
754 4108 825 4161 Ucn.
845 4107 926 4171 ltso,
943 4108 1044 4171 Marc.)
1064 4105 1173 4158 uomina

108 4188 158 4247 ¹⁸¹¹
171 4204 224 4255 tu
243 4200 423 4266 uidebantur,
442 4198 600 4255 Uictoriusr
617 4198 728 4251 uomina
744 4216 879 4253 sosarmo
896 4199 1079 4262 uocabantur,
1098 4196 1173 4267 quod

108 4260 203 4349 *utin
219 4298 337 4349 mutus
354 4298 399 4347 ast
415 4294 466 4362 (da
484 4294 545 4347 cod.
567 4293 665 4365 Stepir.
687 4290 759 4345 nihii
779 4296 848 4360 cat);
867 4292 926 4348 alis
944 4290 1063 4351 omitto,·
1083 4288 1172 4355 adpa-

108 4370 224 4454 ⁸¹snitu,
244 4388 307 4443 trac
322 4384 422 4443 amnia
441 4386 471 4441 ia
490 4386 589 4441 iisdem
612 4402 671 4441 cusa
689 4383 767 4441 uitiis
786 4384 869 4454 praui
886 4382 963 4439 modi
982 4391 1011 4438 ct
1028 4378 1172 4448 temporis.
