2706 5018
334 342 533 448 nenne.
557 381 640 448 ern.
663 384 694 449 v
718 380 812 448 cnr.
834 387 885 447 er.
1096 387 1157 449 nn

98 581 221 662 orporis
251 577 336 642 bona
366 584 450 657 sint,
490 602 603 642 eorum
641 576 846 642 conficientia
876 593 962 643 certe
1000 583 1033 642 in
1065 578 1157 642 honis

104 685 284 763 urnerabiS,
322 689 459 764 nrnicoS,
486 685 624 761 liberm,
645 689 859 771 propinquoS,
884 686 1036 764 diuitias,
1057 685 1159 749 hono·

98 811 147 869 es,
189 813 277 877 opes·
341 790 462 855 Contra
491 792 552 854 hoc
582 792 711 854 attende
744 815 795 855 rue
823 789 906 855 nihil
929 793 1055 867 dicere;
1077 792 1162 855 illud

98 896 202 976 h'eere,
248 901 276 960 si
306 901 369 962 ista
401 898 486 961 mala
509 911 602 974 sunt,
647 901 680 960 in
705 920 787 983 quae
813 910 920 983 potest
943 898 1085 960 incidere
1109 919 1161 960 sn·

98 1005 189 1083 dens,
236 1007 415 1088 sapientem
445 1026 537 1077 esse,
582 1027 647 1067 non
678 1026 750 1067 esse
781 1006 820 1067 nd
856 1005 949 1068 beate
984 1004 1160 1067 uiuendum.

98 1113 169 1173 atio.
211 1110 314 1174 Immo
338 1133 436 1189 nero,
454 1113 578 1196 inquit,
621 1112 660 1173 od
685 1109 884 1174 beatissunre
906 1110 1081 1173 uiuendum
1106 1132 1162 1193 pa·

98 1237 150 1280 arn
172 1232 220 1295 st,
254 1218 293 1280 ad
318 1217 413 1282 bente
435 1221 528 1283 satis.
598 1216 844 1295 Animaduerti,
867 1220 1019 1302 inquam,
1043 1228 1075 1278 te
1098 1217 1161 1278 isto

98 1326 175 1388 nodo
197 1324 309 1409 paullo
334 1339 408 1388 ante
432 1346 571 1411 ponere,
617 1327 759 1402 etacio,
801 1322 842 1386 ab
865 1321 1028 1387 Antiocho
1051 1335 1161 1385 nostro

134 1518 220 1562 contra
234 1515 285 1569 hoc)
299 1533 322 1562 c.
337 1519 388 1562 hoeo
405 1519 529 1563 necnon
556 1517 624 1572 nihii)
637 1530 687 1562 cunr
701 1519 766 1563 uncie
781 1518 823 1561 0r.
851 1517 908 1561 illud
921 1517 1010 1570 dicere)
1023 1528 1067 1560 om·
1076 1527 1163 1567 omnen,

98 1589 125 1636 ir.
148 1607 192 1638 non
207 1596 269 1647 eane)
283 1609 325 1641 om.
341 1597 359 1639 Ρ
374 1597 497 1638 roncatio
513 1608 565 1638 ecee
579 1595 600 1638 E
628 1595 695 1647 ertia)
708 1594 788 1638 oriali
812 1595 980 1648 beate)(altero
995 1593 1053 1646 loco)
1067 1591 1161 1636 bench

98 1665 134 1712 ud
146 1683 203 1714 aero
218 1671 343 1716 LPCROr.
359 1684 410 1715 curn
424 1669 498 1715 uncie.

98 1841 166 1898 tparn
191 1832 234 1898 (et
262 1832 302 1885 eic
328 1833 416 1886 uerhu
442 1832 630 1902 interpunxit:
667 1833 743 1895 hec,
775 1851 854 1901 quarn
880 1833 1003 1902 corporis
1021 1833 1090 1883 dona
1109 1831 1163 1882 rint

98 1934 171 1974 aarum
189 1925 384 1990 conficientia),
407 1943 471 1977 mox
489 1932 598 1988 eontra,
617 1925 738 1990 amicae,
757 1923 879 1990 liberor,
898 1944 963 1993 opee
986 1925 1164 1977 conficientia

98 2028 148 2067 tue
163 2017 287 2086 corporis
307 2017 454 2069 honorum.
496 2016 587 2071 Orelli
605 2016 745 2082 minoren,
769 2018 881 2071 0ttonia
901 2036 932 2070 ex
952 2017 1081 2070 omnihus
1098 2034 1164 2069 coa-

98 2101 158 2160 iueoe
175 2125 283 2161 errores
304 2107 413 2163 onritto.
461 2110 580 2163 Kerniua
600 2111 694 2163 ornnia
720 2117 805 2164 recte.

162 2220 201 2254 rae
222 2202 292 2254 aiiii
310 2203 417 2268 dicere,
452 2205 523 2256 illud
540 2203 644 2269 dicere)
668 2202 887 2257 ”Animaduerto
904 2201 1007 2273 igitar,
1041 2221 1088 2256 me
1110 2221 1165 2255 aon

98 2289 142 2346 hoc
157 2296 246 2366 ipsnm
262 2297 488 2362 reprehendere,
524 2296 597 2364 quod
616 2295 671 2347 tria
689 2313 795 2364 genera
821 2298 957 2350 honorum
978 2303 1005 2349 ct
1023 2300 1165 2351 maiorum

98 2399 181 2451 ponar,
200 2389 257 2449 sed,
277 2389 360 2455 quod,
379 2405 463 2454 quom
483 2389 537 2440 hoc
553 2386 650 2451 faciae,
670 2395 764 2440 tamen
783 2387 937 2457 eapientem
956 2404 1011 2440 una
1028 2388 1166 2458 rapientia

98 2480 231 2533 nuirrute
249 2481 364 2531 beatum
383 2496 442 2531 eeee
459 2480 563 2532 dicaa.”
617 2480 693 2531 idem
720 2480 818 2532 Cicero
838 2487 931 2544 tenet,
967 2481 1040 2549 qnod
1059 2481 1087 2533 ia
1106 2487 1165 2534 toto

98 2560 141 2622 hoc
157 2574 236 2636 loeo,
275 2578 307 2623 ut
325 2588 379 2622 non
405 2567 495 2640 ipsam
523 2572 693 2624 sententiam
719 2571 823 2623 sairam
849 2588 910 2623 eaeo
936 2590 1009 2624 nnnc
1033 2572 1166 2643 diepatct,

98 2659 135 2712 ted
152 2681 212 2716 earn
230 2662 283 2714 eibi
302 2680 355 2715 non
377 2671 514 2716 constare.
550 2670 582 2716 ln
601 2663 696 2716 codice
719 2663 873 2732 archetypo
894 2660 1069 2727 exciderant,
1105 2682 1166 2734 qua

98 2761 140 2819 tgo
158 2755 282 2818 restitui,
305 2755 392 2808 uerba
412 2755 483 2806 itlad
501 2755 606 2820 dicere,
647 2754 798 2807 manifesta
816 2770 930 2818 caussa,
948 2766 1166 2826 propterquam

98 2847 182 2904 paullo
200 2856 263 2918 poet
281 2847 308 2898 in
332 2848 354 2899 P
380 2865 443 2900 meo
463 2855 491 2900 et
516 2848 588 2900 Gad.
616 2854 735 2916 utroque
764 2864 815 2915 pro
837 2847 898 2899 hie:
934 2850 1082 2915 eapientem
1101 2866 1169 2914 eece,

98 2944 138 2987 ton
158 2958 216 2992 eree
237 2939 368 2992 scribitur
385 2943 494 2993 tantum
515 2939 665 3008 eapientem
686 2956 751 2991 erec.
780 2945 879 3008 Itaque
898 2939 1062 3005 Lambinus,
1079 2942 1169 2993 Erne-

98 3022 171 3096 tfiae,
207 3031 373 3087 Schuetzine
392 3049 408 3085 a
429 3031 566 3085 sententia
583 3033 668 3102 longe
688 3031 855 3084 coniectaria
872 3031 1058 3098 aberrarunt3
1081 3031 1168 3086 Daui·

98 3108 141 3173 dua
158 3133 252 3178 autern
270 3129 297 3175 ct
319 3125 404 3177 Gaiae
422 3142 494 3189 earu,
518 3123 667 3194 quantillo
685 3123 840 3192 perspicue,
858 3124 905 3175 hio
924 3123 1067 3178 errorihue
1083 3123 1169 3195 inpli-

98 3217 176 3270 dtam
194 3216 281 3280 uidit,
316 3217 482 3270 sententiam
512 3213 631 3269 erficere
655 3234 709 3268 non
736 3221 905 3285 potuerunt,
952 3215 1003 3270 ille
1028 3218 1164 3270 scrihenee

98 3298 157 3360 itit
177 3311 267 3362 dicere
274 3328 284 3372 ς
303 3312 344 3362 ein
364 3311 419 3362 ieta
438 3309 500 3373 den,
521 3309 578 3373 hic,
599 3325 683 3377 quom
701 3307 731 3360 in
750 3308 823 3361 Gud.
844 3307 862 3361 2
880 3316 908 3362 et
926 3312 992 3363 Bae.
1011 3312 1060 3363 red
1074 3328 1125 3380 pro
1146 3312 1173 3362 ei

98 3399 222 3471 criptum
242 3409 322 3464 earet,
342 3402 400 3454 ita:
420 3401 490 3452 nihil
511 3403 609 3465 dicere,
628 3400 677 3452 eed
695 3401 720 3451 ei
740 3402 795 3452 ieta
815 3402 868 3456 dcc.
910 3404 942 3456 In
960 3404 1015 3456 hac
1034 3401 1170 3457 orationie

98 3480 181 3549 ¹'orara
200 3513 273 3558 non,
293 3500 323 3546 ut
341 3495 479 3558 debehat,
498 3511 530 3545 ex
549 3493 619 3544 nihil
638 3493 729 3544 dicere
748 3495 895 3548 audiretur
913 3498 1019 3563 dicere,
1037 3499 1085 3549 ecd
1106 3514 1170 3549 aen-

98 3588 176 3641 ertia
194 3585 304 3639 infinita
323 3592 384 3657 poet
400 3586 467 3650 sed,
503 3591 535 3638 ut
558 3585 702 3656 superior,
742 3589 877 3658 penderet
902 3590 938 3640 ab
966 3588 1018 3642 iilo
1043 3590 1169 3644 adtende.

98 3664 189 3733 [Acco.
208 3678 332 3741 11,103=
351 3695 368 3729 a
390 3679 487 3751 preibae
502 3695 647 3751 numquam
664 3680 767 3731 dictam
781 3682 826 3741 eit,
848 3708 881 3721 -
900 3681 970 3733 ittad
988 3682 1025 3733 eit
1045 3684 1171 3750 disputa·

98 3778 144 3826 'tar
164 3772 217 3825 dcc.
255 3770 361 3821 Eodem
380 3771 462 3822 modo
482 3771 729 3839 traciturnior,
749 3773 762 3839 ξ
779 3772 816 3824 8⁰
834 3773 905 3824 illud
921 3776 1060 3841 urgeam.)
1099 3775 1170 3825 Con-

98 3870 133 3918 ὀ
152 3865 205 3916 hac
223 3862 308 3915 etiam
327 3862 389 3914 Pal.
408 3863 425 3912 4
445 3869 472 3913 ct
496 3863 523 3916 o.
560 3861 623 3914 Noa
643 3864 713 3914 ratic
733 3880 791 3914 eree
814 3863 900 3916 Gaiae
919 3882 951 3916 ex
970 3882 1024 3916 uno
1042 3866 1103 3918 Eri.
1122 3868 1172 3919 ad-

98 3958 185 4020 tntae,
216 3954 293 4008 utin
314 3953 388 4022 Spir.
407 3954 585 4018 alterordo,
621 3953 670 4024 qui
689 3958 819 4022 praestat,
855 3953 940 4007 iniere
958 3954 1096 4013 uideatur.
1131 3956 1172 4021 Εξ

98 4049 222 4104 'mittunt
241 4046 319 4099 eatie.
360 4044 447 4109 Uero,
472 4046 545 4114 quod
562 4047 659 4117 paullo
679 4048 742 4115 poet
760 4045 834 4097 inter
854 4046 931 4098 beate
951 4052 979 4100 et
997 4050 1066 4100 eatis
1084 4049 1172 4102 intor-

98 4142 259 4203 tenebatur,
278 4138 426 4191 omittebat
445 4137 530 4189 etiam
550 4138 623 4209 Spir.
658 4140 695 4191 Et
712 4137 871 4206 repieaumc
889 4139 999 4193 librarii
1018 4143 1173 4212 particulae

98 4233 285 4289 idueraatinue
304 4231 418 4295 addunt,
436 4228 486 4284 uhi
504 4227 632 4284 Ciceroni
650 4229 679 4283 in
697 4230 845 4284 contrariis
862 4236 922 4285 aine
937 4233 1077 4304 particula
1096 4231 1173 4289 iaxta

98 4323 188 4383 oriri·
207 4324 295 4378 maior
311 4323 418 4394 pondua
437 4322 573 4377 orationis
599 4340 658 4376 eree
674 4320 766 4375 uirum
786 4327 819 4376 et.

158 4416 255 4486 pautto
273 4419 350 4482 ante)
390 4418 469 4486 571.
523 4416 692 4470 Antiochum
716 4414 801 4469 haiae
825 4414 1009 4472 distinctionie
1028 4422 1172 4471 auctorum
